#RIC,Alias Underlying RIC,Domain,Date-Time,Type,Price,Volume
ABF.L,,Market Price,2023-07-03T08:00:00.292563721+01,Trade,1995.5,804
ABF.L,,Market Price,2023-07-03T08:00:09.608731779+01,Trade,1997.04,41
ABF.L,,Market Price,2023-07-03T08:00:09.608731779+01,Trade,1997.04,4
ABF.L,,Market Price,2023-07-03T08:00:16.398907773+01,Trade,1999.5,20
ABF.L,,Market Price,2023-07-03T08:00:23.558450561+01,Trade,1998.625,24
ABF.L,,Market Price,2023-07-03T08:00:27.453402884+01,Trade,1996,149
ABF.L,,Market Price,2023-07-03T08:00:29.558125898+01,Trade,1998.625,24
ABF.L,,Market Price,2023-07-03T08:00:42.233099865+01,Trade,1996.544,258
ABF.L,,Market Price,2023-07-03T08:00:44.108236022+01,Trade,1995.5,36
ABF.L,,Market Price,2023-07-03T08:00:44.108236022+01,Trade,1995.5,711
ABF.L,,Market Price,2023-07-03T08:00:44.108236022+01,Trade,1995.5,215
ABF.L,,Market Price,2023-07-03T08:00:44.118325794+01,Trade,1994.5,215
ABF.L,,Market Price,2023-07-03T08:00:44.233741276+01,Trade,1998.4576,125
ABF.L,,Market Price,2023-07-03T08:00:45.853600078+01,Trade,1998.5,0
ABF.L,,Market Price,2023-07-03T08:00:46.808357492+01,Trade,1998.5,0
ABF.L,,Market Price,2023-07-03T08:00:47.543184635+01,Trade,1996,70
ABF.L,,Market Price,2023-07-03T08:00:48.273994476+01,Trade,1992.5,0
ABF.L,,Market Price,2023-07-03T08:00:48.273994476+01,Trade,1992.5,0
ABF.L,,Market Price,2023-07-03T08:00:53.518959351+01,Trade,1996,134
ABF.L,,Market Price,2023-07-03T08:01:07.998387399+01,Trade,1998.5,5
ABF.L,,Market Price,2023-07-03T08:01:14.308081863+01,Trade,1998.5,2
ABF.L,,Market Price,2023-07-03T08:01:21.453254890+01,Trade,1994.5,138
ABF.L,,Market Price,2023-07-03T08:01:59.053285192+01,Trade,1996,140
ABF.L,,Market Price,2023-07-03T08:01:59.053285192+01,Trade,1996,518
ABF.L,,Market Price,2023-07-03T08:01:59.053285192+01,Trade,1996,98
ABF.L,,Market Price,2023-07-03T08:01:59.053285192+01,Trade,1996,65
ABF.L,,Market Price,2023-07-03T08:01:59.053285192+01,Trade,1996.5,146
ABF.L,,Market Price,2023-07-03T08:01:59.053285192+01,Trade,1996.5,46
ABF.L,,Market Price,2023-07-03T08:02:47.293508583+01,Trade,1995.9596,67
ABF.L,,Market Price,2023-07-03T08:03:02.848245715+01,Trade,1997,46
ABF.L,,Market Price,2023-07-03T08:03:02.848245715+01,Trade,1997,207
ABF.L,,Market Price,2023-07-03T08:03:02.848245715+01,Trade,1997,7
ABF.L,,Market Price,2023-07-03T08:03:02.848245715+01,Trade,1997,127
ABF.L,,Market Price,2023-07-03T08:04:03.543675937+01,Trade,1996,99
ABF.L,,Market Price,2023-07-03T08:04:03.543675937+01,Trade,1996,165
ABF.L,,Market Price,2023-07-03T08:04:49.888354193+01,Trade,1995,165
ABF.L,,Market Price,2023-07-03T08:04:49.888354193+01,Trade,1995,165
ABF.L,,Market Price,2023-07-03T08:04:49.888354193+01,Trade,1995,170
ABF.L,,Market Price,2023-07-03T08:04:49.983866083+01,Trade,1995,15
ABF.L,,Market Price,2023-07-03T08:04:49.983866083+01,Trade,1995,82
ABF.L,,Market Price,2023-07-03T08:04:50.893864098+01,Trade,1995.5,152
ABF.L,,Market Price,2023-07-03T08:05:00.163206564+01,Trade,1995.5,208
ABF.L,,Market Price,2023-07-03T08:05:05.658209801+01,Trade,1996,50
ABF.L,,Market Price,2023-07-03T08:05:05.664024524+01,Trade,1996,227
ABF.L,,Market Price,2023-07-03T08:06:22.218946569+01,Trade,1997,0
ABF.L,,Market Price,2023-07-03T08:08:02.878628572+01,Trade,1996,109
ABF.L,,Market Price,2023-07-03T08:08:15.253679783+01,Trade,1996.5,175
ABF.L,,Market Price,2023-07-03T08:08:15.948665568+01,Trade,1997.5,140
ABF.L,,Market Price,2023-07-03T08:09:00.168546558+01,Trade,1996.5,190
ABF.L,,Market Price,2023-07-03T08:09:00.168546558+01,Trade,1996.5,99
ABF.L,,Market Price,2023-07-03T08:09:00.178518420+01,Trade,1996.5,117
ABF.L,,Market Price,2023-07-03T08:09:13.393481535+01,Trade,1997.5,200
ABF.L,,Market Price,2023-07-03T08:09:13.513958259+01,Trade,1997,139
ABF.L,,Market Price,2023-07-03T08:09:29.073655954+01,Trade,1998.5,197
ABF.L,,Market Price,2023-07-03T08:10:04.158624779+01,Trade,1999,189
ABF.L,,Market Price,2023-07-03T08:10:04.158624779+01,Trade,1999,56
ABF.L,,Market Price,2023-07-03T08:10:04.163548358+01,Trade,1999,259
ABF.L,,Market Price,2023-07-03T08:11:04.453926516+01,Trade,2000,618
ABF.L,,Market Price,2023-07-03T08:11:13.902722063+01,Trade,2000,137
ABF.L,,Market Price,2023-07-03T08:11:13.902722063+01,Trade,2000,365
ABF.L,,Market Price,2023-07-03T08:11:13.902722063+01,Trade,2000,598
ABF.L,,Market Price,2023-07-03T08:11:13.902722063+01,Trade,2000,408
ABF.L,,Market Price,2023-07-03T08:11:13.902722063+01,Trade,2000,365
ABF.L,,Market Price,2023-07-03T08:11:13.902722063+01,Trade,2000,408
ABF.L,,Market Price,2023-07-03T08:11:13.902722063+01,Trade,2000,963
ABF.L,,Market Price,2023-07-03T08:11:13.902722063+01,Trade,2000,365
ABF.L,,Market Price,2023-07-03T08:11:13.902885353+01,Trade,2000,38
ABF.L,,Market Price,2023-07-03T08:11:13.902885353+01,Trade,2000,5
ABF.L,,Market Price,2023-07-03T08:11:13.902885353+01,Trade,2000,1001
ABF.L,,Market Price,2023-07-03T08:11:13.902885353+01,Trade,2000,408
ABF.L,,Market Price,2023-07-03T08:11:13.902885353+01,Trade,2000,598
ABF.L,,Market Price,2023-07-03T08:11:13.902885353+01,Trade,2000,300
ABF.L,,Market Price,2023-07-03T08:11:13.902885353+01,Trade,2000,108
ABF.L,,Market Price,2023-07-03T08:11:13.908370110+01,Trade,2000,33
ABF.L,,Market Price,2023-07-03T08:11:14.003301894+01,Trade,1999,40
ABF.L,,Market Price,2023-07-03T08:11:14.003301894+01,Trade,1999,104
ABF.L,,Market Price,2023-07-03T08:11:14.003301894+01,Trade,1999,39
ABF.L,,Market Price,2023-07-03T08:11:14.003301894+01,Trade,1999,24
ABF.L,,Market Price,2023-07-03T08:11:14.003301894+01,Trade,1999,98
ABF.L,,Market Price,2023-07-03T08:11:14.003301894+01,Trade,1998.5,102
ABF.L,,Market Price,2023-07-03T08:11:15.248478810+01,Trade,1999.5,451
ABF.L,,Market Price,2023-07-03T08:12:15.063725173+01,Trade,2000.996,1
ABF.L,,Market Price,2023-07-03T08:12:32.038384314+01,Trade,2001,140
ABF.L,,Market Price,2023-07-03T08:12:33.583587301+01,Trade,2001,100
ABF.L,,Market Price,2023-07-03T08:12:33.588075234+01,Trade,2001,200
ABF.L,,Market Price,2023-07-03T08:12:34.403980703+01,Trade,20.0112,61
ABF.L,,Market Price,2023-07-03T08:12:34.403980703+01,Trade,20.0109,46
ABF.L,,Market Price,2023-07-03T08:12:34.903792311+01,Trade,20.0109,128
ABF.L,,Market Price,2023-07-03T08:12:38.898271751+01,Trade,2000.52,60
ABF.L,,Market Price,2023-07-03T08:12:41.068788456+01,Trade,2000.9657,300
ABF.L,,Market Price,2023-07-03T08:12:42.828067279+01,Trade,2000.52,129
ABF.L,,Market Price,2023-07-03T08:13:34.948281805+01,Trade,2002,172
ABF.L,,Market Price,2023-07-03T08:14:21.983704688+01,Trade,2003,148
ABF.L,,Market Price,2023-07-03T08:15:08.248631328+01,Trade,2003,5
ABF.L,,Market Price,2023-07-03T08:15:08.248631328+01,Trade,2003,153
ABF.L,,Market Price,2023-07-03T08:15:08.253631643+01,Trade,2003,200
ABF.L,,Market Price,2023-07-03T08:15:18.323217634+01,Trade,2004,101
ABF.L,,Market Price,2023-07-03T08:15:18.323217634+01,Trade,2004,165
ABF.L,,Market Price,2023-07-03T08:15:18.323217634+01,Trade,2004,165
ABF.L,,Market Price,2023-07-03T08:15:18.323217634+01,Trade,2004,121
ABF.L,,Market Price,2023-07-03T08:15:18.328529751+01,Trade,2004,135
ABF.L,,Market Price,2023-07-03T08:15:18.328529751+01,Trade,2004,46
ABF.L,,Market Price,2023-07-03T08:15:18.333396022+01,Trade,2004,119
ABF.L,,Market Price,2023-07-03T08:15:48.303279490+01,Trade,2005,568
ABF.L,,Market Price,2023-07-03T08:15:48.303279490+01,Trade,2005,20
ABF.L,,Market Price,2023-07-03T08:15:48.303279490+01,Trade,2005,14
ABF.L,,Market Price,2023-07-03T08:15:48.303279490+01,Trade,2005,65
ABF.L,,Market Price,2023-07-03T08:15:48.303279490+01,Trade,2005,70
ABF.L,,Market Price,2023-07-03T08:15:48.303803699+01,Trade,2005,165
ABF.L,,Market Price,2023-07-03T08:16:14.003995941+01,Trade,2004,69
ABF.L,,Market Price,2023-07-03T08:16:14.003995941+01,Trade,2004,198
ABF.L,,Market Price,2023-07-03T08:16:14.003995941+01,Trade,2004,170
ABF.L,,Market Price,2023-07-03T08:16:27.693896077+01,Trade,2005,57
ABF.L,,Market Price,2023-07-03T08:16:43.113287575+01,Trade,2005,4
ABF.L,,Market Price,2023-07-03T08:17:17.588845801+01,Trade,20.05,160
ABF.L,,Market Price,2023-07-03T08:17:17.588845801+01,Trade,20.05,179
ABF.L,,Market Price,2023-07-03T08:17:18.593378423+01,Trade,20.05,179
ABF.L,,Market Price,2023-07-03T08:17:23.333570363+01,Trade,2005,107
ABF.L,,Market Price,2023-07-03T08:17:23.333570363+01,Trade,2005,69
ABF.L,,Market Price,2023-07-03T08:17:23.333570363+01,Trade,2005,69
ABF.L,,Market Price,2023-07-03T08:17:23.868214503+01,Trade,2006,207
ABF.L,,Market Price,2023-07-03T08:17:23.868214503+01,Trade,2006,200
ABF.L,,Market Price,2023-07-03T08:17:36.203186454+01,Trade,2006,143
ABF.L,,Market Price,2023-07-03T08:18:29.643488751+01,Trade,20.08,158
ABF.L,,Market Price,2023-07-03T08:20:20.583530196+01,Trade,2009,126
ABF.L,,Market Price,2023-07-03T08:21:25.288185003+01,Trade,2008,165
ABF.L,,Market Price,2023-07-03T08:21:25.288185003+01,Trade,2007,510
ABF.L,,Market Price,2023-07-03T08:21:25.288185003+01,Trade,2007,214
ABF.L,,Market Price,2023-07-03T08:21:25.288185003+01,Trade,2007,150
ABF.L,,Market Price,2023-07-03T08:21:25.288185003+01,Trade,2007,160
ABF.L,,Market Price,2023-07-03T08:22:15.788871079+01,Trade,2006,252
ABF.L,,Market Price,2023-07-03T08:22:27.998052466+01,Trade,2004,777
ABF.L,,Market Price,2023-07-03T08:22:27.998209526+01,Trade,2004,200
ABF.L,,Market Price,2023-07-03T08:22:28.023329791+01,Trade,2004,140
ABF.L,,Market Price,2023-07-03T08:22:28.023329791+01,Trade,2004,165
ABF.L,,Market Price,2023-07-03T08:22:28.023329791+01,Trade,2003,329
ABF.L,,Market Price,2023-07-03T08:22:28.023329791+01,Trade,2003,45
ABF.L,,Market Price,2023-07-03T08:22:28.023329791+01,Trade,2003,114
ABF.L,,Market Price,2023-07-03T08:22:28.028941282+01,Trade,2003,162
ABF.L,,Market Price,2023-07-03T08:22:28.028941282+01,Trade,2003,100
ABF.L,,Market Price,2023-07-03T08:22:28.028941282+01,Trade,2003,165
ABF.L,,Market Price,2023-07-03T08:22:28.028941282+01,Trade,2003,165
ABF.L,,Market Price,2023-07-03T08:22:28.038907095+01,Trade,2002,253
ABF.L,,Market Price,2023-07-03T08:22:28.038907095+01,Trade,2002,165
ABF.L,,Market Price,2023-07-03T08:22:28.038907095+01,Trade,2002,165
ABF.L,,Market Price,2023-07-03T08:22:28.043948813+01,Trade,2002,164
ABF.L,,Market Price,2023-07-03T08:22:28.043948813+01,Trade,2002,374
ABF.L,,Market Price,2023-07-03T08:22:33.643315379+01,Trade,2002,44
ABF.L,,Market Price,2023-07-03T08:22:33.643315379+01,Trade,2002,143
ABF.L,,Market Price,2023-07-03T08:22:57.438836421+01,Trade,2003,219
ABF.L,,Market Price,2023-07-03T08:22:57.438836421+01,Trade,2003,196
ABF.L,,Market Price,2023-07-03T08:22:57.563288282+01,Trade,2004,173
ABF.L,,Market Price,2023-07-03T08:23:46.078298145+01,Trade,2003,165
ABF.L,,Market Price,2023-07-03T08:23:46.078298145+01,Trade,2003,200
ABF.L,,Market Price,2023-07-03T08:23:46.078298145+01,Trade,2003,723
ABF.L,,Market Price,2023-07-03T08:23:46.088264652+01,Trade,2002,165
ABF.L,,Market Price,2023-07-03T08:23:46.088264652+01,Trade,2002,165
ABF.L,,Market Price,2023-07-03T08:23:51.453311027+01,Trade,2001,200
ABF.L,,Market Price,2023-07-03T08:23:51.453311027+01,Trade,2001,176
ABF.L,,Market Price,2023-07-03T08:23:51.453311027+01,Trade,2001,24
ABF.L,,Market Price,2023-07-03T08:23:51.453311027+01,Trade,2001,36
ABF.L,,Market Price,2023-07-03T08:26:41.213504212+01,Trade,20.00376,229
ABF.L,,Market Price,2023-07-03T08:27:01.048516805+01,Trade,2000.22,10
ABF.L,,Market Price,2023-07-03T08:27:35.773960532+01,Trade,2001,1
ABF.L,,Market Price,2023-07-03T08:27:35.773960532+01,Trade,2001,201
ABF.L,,Market Price,2023-07-03T08:27:35.773960532+01,Trade,2001,226
ABF.L,,Market Price,2023-07-03T08:27:54.899060988+01,Trade,2000,571
ABF.L,,Market Price,2023-07-03T08:27:57.629059705+01,Trade,2000,88
ABF.L,,Market Price,2023-07-03T08:27:57.629059705+01,Trade,2000,95
ABF.L,,Market Price,2023-07-03T08:28:20.318384180+01,Trade,2000,113
ABF.L,,Market Price,2023-07-03T08:29:46.898262584+01,Trade,2001,602
ABF.L,,Market Price,2023-07-03T08:29:46.898262584+01,Trade,2001,101
ABF.L,,Market Price,2023-07-03T08:29:46.898262584+01,Trade,2001,47
ABF.L,,Market Price,2023-07-03T08:29:46.898262584+01,Trade,2001,62
ABF.L,,Market Price,2023-07-03T08:29:46.908319772+01,Trade,2001,140
ABF.L,,Market Price,2023-07-03T08:29:46.908319772+01,Trade,2001,137
ABF.L,,Market Price,2023-07-03T08:30:13.853177624+01,Trade,2002,442
ABF.L,,Market Price,2023-07-03T08:30:13.853177624+01,Trade,2002,10
ABF.L,,Market Price,2023-07-03T08:30:13.853177624+01,Trade,2002,90
ABF.L,,Market Price,2023-07-03T08:30:33.733747461+01,Trade,2002,70
ABF.L,,Market Price,2023-07-03T08:30:38.668224722+01,Trade,2002,19
ABF.L,,Market Price,2023-07-03T08:30:38.668224722+01,Trade,2002,19
ABF.L,,Market Price,2023-07-03T08:30:38.679019008+01,Trade,2002,7
ABF.L,,Market Price,2023-07-03T08:31:27.613167716+01,Trade,20.03,121
ABF.L,,Market Price,2023-07-03T08:31:27.878968106+01,Trade,2003,470
ABF.L,,Market Price,2023-07-03T08:31:27.878968106+01,Trade,2003,266
ABF.L,,Market Price,2023-07-03T08:31:27.889091492+01,Trade,2003,200
ABF.L,,Market Price,2023-07-03T08:31:27.889091492+01,Trade,2003,5
ABF.L,,Market Price,2023-07-03T08:31:40.318422580+01,Trade,2005,10
ABF.L,,Market Price,2023-07-03T08:31:40.693811430+01,Trade,2007,29
ABF.L,,Market Price,2023-07-03T08:32:37.313218472+01,Trade,2004,354
ABF.L,,Market Price,2023-07-03T08:32:37.318140534+01,Trade,2004,177
ABF.L,,Market Price,2023-07-03T08:33:38.688820215+01,Trade,2002,250
ABF.L,,Market Price,2023-07-03T08:33:38.713637438+01,Trade,2002,67
ABF.L,,Market Price,2023-07-03T08:33:38.713637438+01,Trade,2002,133
ABF.L,,Market Price,2023-07-03T08:33:38.713637438+01,Trade,2002,178
ABF.L,,Market Price,2023-07-03T08:33:38.738579225+01,Trade,2002,64
ABF.L,,Market Price,2023-07-03T08:35:25.533776026+01,Trade,1999.5,121
ABF.L,,Market Price,2023-07-03T08:36:03.488188414+01,Trade,1999,1
ABF.L,,Market Price,2023-07-03T08:36:26.473202342+01,Trade,2000,187
ABF.L,,Market Price,2023-07-03T08:38:16.018050398+01,Trade,2001.4798,1
ABF.L,,Market Price,2023-07-03T08:39:36.228186726+01,Trade,2000.89,3
ABF.L,,Market Price,2023-07-03T08:40:36.163975216+01,Trade,2001,1
ABF.L,,Market Price,2023-07-03T08:43:04.593375125+01,Trade,2002,307
ABF.L,,Market Price,2023-07-03T08:43:04.593375125+01,Trade,2002,120
ABF.L,,Market Price,2023-07-03T08:43:07.553419442+01,Trade,2003,4
ABF.L,,Market Price,2023-07-03T08:43:21.383673897+01,Trade,2003,104
ABF.L,,Market Price,2023-07-03T08:44:49.298864684+01,Trade,2003.36,85
ABF.L,,Market Price,2023-07-03T08:45:47.028275648+01,Trade,2003.38,51
ABF.L,,Market Price,2023-07-03T08:47:11.108213909+01,Trade,2004,177
ABF.L,,Market Price,2023-07-03T08:47:11.108213909+01,Trade,2005,200
ABF.L,,Market Price,2023-07-03T08:47:11.108213909+01,Trade,2005,86
ABF.L,,Market Price,2023-07-03T08:47:11.108213909+01,Trade,2005,77
ABF.L,,Market Price,2023-07-03T08:47:11.108213909+01,Trade,2005,300
ABF.L,,Market Price,2023-07-03T08:47:11.673163696+01,Trade,2008,143
ABF.L,,Market Price,2023-07-03T08:47:11.673163696+01,Trade,2008,165
ABF.L,,Market Price,2023-07-03T08:47:11.673163696+01,Trade,2008,165
ABF.L,,Market Price,2023-07-03T08:47:11.673163696+01,Trade,2008,76
ABF.L,,Market Price,2023-07-03T08:47:11.673163696+01,Trade,2008,60
ABF.L,,Market Price,2023-07-03T08:47:11.673708547+01,Trade,2008,165
ABF.L,,Market Price,2023-07-03T08:47:11.673708547+01,Trade,2008,165
ABF.L,,Market Price,2023-07-03T08:47:11.673708547+01,Trade,2009,129
ABF.L,,Market Price,2023-07-03T08:47:11.678162766+01,Trade,2009,76
ABF.L,,Market Price,2023-07-03T08:47:11.678162766+01,Trade,2008,143
ABF.L,,Market Price,2023-07-03T08:47:11.678162766+01,Trade,2008,165
ABF.L,,Market Price,2023-07-03T08:47:11.678162766+01,Trade,2008,165
ABF.L,,Market Price,2023-07-03T08:47:13.338451306+01,Trade,2007.22,3
ABF.L,,Market Price,2023-07-03T08:47:21.018167362+01,Trade,2008,97
ABF.L,,Market Price,2023-07-03T08:47:21.018167362+01,Trade,2008,510
ABF.L,,Market Price,2023-07-03T08:47:21.018167362+01,Trade,2008,165
ABF.L,,Market Price,2023-07-03T08:47:21.018167362+01,Trade,2008,35
ABF.L,,Market Price,2023-07-03T08:47:21.018167362+01,Trade,2008,165
ABF.L,,Market Price,2023-07-03T08:47:21.023637071+01,Trade,2008,340
ABF.L,,Market Price,2023-07-03T08:47:23.078686963+01,Trade,2007,199
ABF.L,,Market Price,2023-07-03T08:47:23.078686963+01,Trade,2007,340
ABF.L,,Market Price,2023-07-03T08:47:25.163463780+01,Trade,2006,510
ABF.L,,Market Price,2023-07-03T08:47:25.163463780+01,Trade,2006,71
ABF.L,,Market Price,2023-07-03T08:47:25.168148855+01,Trade,2007,46
ABF.L,,Market Price,2023-07-03T08:47:25.168148855+01,Trade,2007,8
ABF.L,,Market Price,2023-07-03T08:47:25.168148855+01,Trade,2008,166
ABF.L,,Market Price,2023-07-03T08:47:25.168148855+01,Trade,2008,60
ABF.L,,Market Price,2023-07-03T08:47:25.168148855+01,Trade,2008,140
ABF.L,,Market Price,2023-07-03T08:47:25.168521274+01,Trade,2008,71
ABF.L,,Market Price,2023-07-03T08:47:25.168521274+01,Trade,2008,160
ABF.L,,Market Price,2023-07-03T08:47:25.178453680+01,Trade,2009,94
ABF.L,,Market Price,2023-07-03T08:47:25.178453680+01,Trade,2009,10
ABF.L,,Market Price,2023-07-03T08:47:25.178453680+01,Trade,2009,165
ABF.L,,Market Price,2023-07-03T08:47:25.178453680+01,Trade,2009,165
ABF.L,,Market Price,2023-07-03T08:47:25.178453680+01,Trade,2009,174
ABF.L,,Market Price,2023-07-03T08:47:25.178453680+01,Trade,2009,903
ABF.L,,Market Price,2023-07-03T08:47:25.183093970+01,Trade,2008,32
ABF.L,,Market Price,2023-07-03T08:47:25.183093970+01,Trade,2008,165
ABF.L,,Market Price,2023-07-03T08:47:25.183093970+01,Trade,2008,165
ABF.L,,Market Price,2023-07-03T08:47:49.978527739+01,Trade,2010,4
ABF.L,,Market Price,2023-07-03T08:47:49.978527739+01,Trade,2010,64
ABF.L,,Market Price,2023-07-03T08:47:49.978527739+01,Trade,2010,24
ABF.L,,Market Price,2023-07-03T08:48:31.208009480+01,Trade,2010,3
ABF.L,,Market Price,2023-07-03T08:48:31.208531535+01,Trade,2010,49
ABF.L,,Market Price,2023-07-03T08:48:32.103638006+01,Trade,2010.2,43
ABF.L,,Market Price,2023-07-03T08:48:51.163985681+01,Trade,20.1012,192
ABF.L,,Market Price,2023-07-03T08:49:51.373195310+01,Trade,2008,67
ABF.L,,Market Price,2023-07-03T08:49:51.373195310+01,Trade,2007,253
ABF.L,,Market Price,2023-07-03T08:49:51.373195310+01,Trade,2007,87
ABF.L,,Market Price,2023-07-03T08:49:51.373195310+01,Trade,2007,300
ABF.L,,Market Price,2023-07-03T08:49:51.428147294+01,Trade,2005,136
ABF.L,,Market Price,2023-07-03T08:49:51.428147294+01,Trade,2005,146
ABF.L,,Market Price,2023-07-03T08:49:51.428147294+01,Trade,2005,210
ABF.L,,Market Price,2023-07-03T08:49:51.428147294+01,Trade,2005,67
ABF.L,,Market Price,2023-07-03T08:49:51.428147294+01,Trade,2005,41
ABF.L,,Market Price,2023-07-03T08:49:51.428147294+01,Trade,2005,200
ABF.L,,Market Price,2023-07-03T08:49:51.428147294+01,Trade,2005,160
ABF.L,,Market Price,2023-07-03T08:51:34.709028099+01,Trade,2006,220
ABF.L,,Market Price,2023-07-03T08:51:43.203656561+01,Trade,2007,90
ABF.L,,Market Price,2023-07-03T08:51:51.398728354+01,Trade,2008,165
ABF.L,,Market Price,2023-07-03T08:51:51.398728354+01,Trade,2008,60
ABF.L,,Market Price,2023-07-03T08:51:51.888570961+01,Trade,2008,540
ABF.L,,Market Price,2023-07-03T08:51:54.488138890+01,Trade,2008,96
ABF.L,,Market Price,2023-07-03T08:53:43.293014361+01,Trade,2009.7399,989
ABF.L,,Market Price,2023-07-03T08:54:09.148998635+01,Trade,2009,174
ABF.L,,Market Price,2023-07-03T08:54:47.583222142+01,Trade,2010,60
ABF.L,,Market Price,2023-07-03T08:56:36.168006668+01,Trade,2005,25
ABF.L,,Market Price,2023-07-03T08:58:30.088454730+01,Trade,2006,345
ABF.L,,Market Price,2023-07-03T08:58:30.088454730+01,Trade,2006,12
ABF.L,,Market Price,2023-07-03T08:59:25.718203192+01,Trade,20.06,1
ABF.L,,Market Price,2023-07-03T08:59:25.718203192+01,Trade,20.06,2
ABF.L,,Market Price,2023-07-03T09:04:51.083184131+01,Trade,2004,200
ABF.L,,Market Price,2023-07-03T09:04:51.083184131+01,Trade,2004,63
ABF.L,,Market Price,2023-07-03T09:04:51.083184131+01,Trade,2004,210
ABF.L,,Market Price,2023-07-03T09:04:51.088003558+01,Trade,2004,165
ABF.L,,Market Price,2023-07-03T09:04:56.143311597+01,Trade,2005,47
ABF.L,,Market Price,2023-07-03T09:04:56.143311597+01,Trade,2005,165
ABF.L,,Market Price,2023-07-03T09:04:56.143311597+01,Trade,2005,165
ABF.L,,Market Price,2023-07-03T09:04:56.143311597+01,Trade,2005,60
ABF.L,,Market Price,2023-07-03T09:04:56.148683660+01,Trade,2005,5
ABF.L,,Market Price,2023-07-03T09:05:41.528379639+01,Trade,2005,45
ABF.L,,Market Price,2023-07-03T09:05:41.528379639+01,Trade,2005,20
ABF.L,,Market Price,2023-07-03T09:08:32.653147139+01,Trade,2004,64
ABF.L,,Market Price,2023-07-03T09:08:50.423118927+01,Trade,2003,100
ABF.L,,Market Price,2023-07-03T09:12:11.443715191+01,Trade,2004,150
ABF.L,,Market Price,2023-07-03T09:12:11.443715191+01,Trade,2004,165
ABF.L,,Market Price,2023-07-03T09:12:11.443715191+01,Trade,2004,140
ABF.L,,Market Price,2023-07-03T09:13:34.308260993+01,Trade,2003,165
ABF.L,,Market Price,2023-07-03T09:13:34.308260993+01,Trade,2003,165
ABF.L,,Market Price,2023-07-03T09:13:34.308260993+01,Trade,2003,215
ABF.L,,Market Price,2023-07-03T09:13:34.308260993+01,Trade,2003,114
ABF.L,,Market Price,2023-07-03T09:13:34.338354937+01,Trade,2002,32
ABF.L,,Market Price,2023-07-03T09:13:34.338354937+01,Trade,2002,165
ABF.L,,Market Price,2023-07-03T09:13:34.338354937+01,Trade,2002,165
ABF.L,,Market Price,2023-07-03T09:13:34.338354937+01,Trade,2002,49
ABF.L,,Market Price,2023-07-03T09:14:26.128376739+01,Trade,2003,140
ABF.L,,Market Price,2023-07-03T09:15:04.558151042+01,Trade,2001,152
ABF.L,,Market Price,2023-07-03T09:15:04.558151042+01,Trade,2001,196
ABF.L,,Market Price,2023-07-03T09:15:04.558151042+01,Trade,2001,128
ABF.L,,Market Price,2023-07-03T09:15:04.558151042+01,Trade,2001,83
ABF.L,,Market Price,2023-07-03T09:15:04.558661692+01,Trade,2001,77
ABF.L,,Market Price,2023-07-03T09:15:04.558661692+01,Trade,2001,62
ABF.L,,Market Price,2023-07-03T09:15:04.558661692+01,Trade,2002,165
ABF.L,,Market Price,2023-07-03T09:15:04.558661692+01,Trade,2001,8
ABF.L,,Market Price,2023-07-03T09:15:04.563731279+01,Trade,2001,165
ABF.L,,Market Price,2023-07-03T09:15:04.563731279+01,Trade,2001,13
ABF.L,,Market Price,2023-07-03T09:16:39.198190064+01,Trade,2001.4798,99
ABF.L,,Market Price,2023-07-03T09:17:04.273088845+01,Trade,2000.4212,49
ABF.L,,Market Price,2023-07-03T09:17:13.208871007+01,Trade,2000.5202,511
ABF.L,,Market Price,2023-07-03T09:17:13.613170334+01,Trade,2001.5,400
ABF.L,,Market Price,2023-07-03T09:17:19.613831646+01,Trade,2001.5,400
ABF.L,,Market Price,2023-07-03T09:17:23.973249507+01,Trade,2000,200
ABF.L,,Market Price,2023-07-03T09:17:23.973249507+01,Trade,2000,165
ABF.L,,Market Price,2023-07-03T09:17:23.973249507+01,Trade,2000,228
ABF.L,,Market Price,2023-07-03T09:17:23.973249507+01,Trade,2000,150
ABF.L,,Market Price,2023-07-03T09:17:23.973249507+01,Trade,2000,84
ABF.L,,Market Price,2023-07-03T09:17:23.973249507+01,Trade,2000,143
ABF.L,,Market Price,2023-07-03T09:17:23.973463235+01,Trade,2000,165
ABF.L,,Market Price,2023-07-03T09:17:23.973463235+01,Trade,2000,215
ABF.L,,Market Price,2023-07-03T09:17:23.973463235+01,Trade,2000,245
ABF.L,,Market Price,2023-07-03T09:17:23.978611494+01,Trade,1999.5,60
ABF.L,,Market Price,2023-07-03T09:17:23.983703254+01,Trade,1999.5,45
ABF.L,,Market Price,2023-07-03T09:17:23.983703254+01,Trade,1999.5,165
ABF.L,,Market Price,2023-07-03T09:17:24.528280851+01,Trade,2000,59
ABF.L,,Market Price,2023-07-03T09:17:36.168085516+01,Trade,1999,199
ABF.L,,Market Price,2023-07-03T09:17:36.173066820+01,Trade,1999,165
ABF.L,,Market Price,2023-07-03T09:17:36.173066820+01,Trade,1999,165
ABF.L,,Market Price,2023-07-03T09:17:41.193143765+01,Trade,1998.5,129
ABF.L,,Market Price,2023-07-03T09:17:41.213982813+01,Trade,1999,5
ABF.L,,Market Price,2023-07-03T09:17:41.213982813+01,Trade,1999.5,43
ABF.L,,Market Price,2023-07-03T09:17:41.223959208+01,Trade,2000,38
ABF.L,,Market Price,2023-07-03T09:17:41.223959208+01,Trade,2000,136
ABF.L,,Market Price,2023-07-03T09:17:41.223959208+01,Trade,2000,256
ABF.L,,Market Price,2023-07-03T09:17:41.223959208+01,Trade,2000,353
ABF.L,,Market Price,2023-07-03T09:19:02.998199699+01,Trade,2001,165
ABF.L,,Market Price,2023-07-03T09:19:02.998199699+01,Trade,2001,477
ABF.L,,Market Price,2023-07-03T09:19:02.998199699+01,Trade,2001,129
ABF.L,,Market Price,2023-07-03T09:19:02.998199699+01,Trade,2001,179
ABF.L,,Market Price,2023-07-03T09:19:03.593225097+01,Trade,2002,147
ABF.L,,Market Price,2023-07-03T09:19:03.593225097+01,Trade,2002,165
ABF.L,,Market Price,2023-07-03T09:19:03.593225097+01,Trade,2002,165
ABF.L,,Market Price,2023-07-03T09:19:03.593225097+01,Trade,2002,141
ABF.L,,Market Price,2023-07-03T09:19:09.543003759+01,Trade,2003,177
ABF.L,,Market Price,2023-07-03T09:20:29.627298610+01,Trade,2005,60
ABF.L,,Market Price,2023-07-03T09:20:29.627298610+01,Trade,2006,95
ABF.L,,Market Price,2023-07-03T09:20:29.627298610+01,Trade,2006,148
ABF.L,,Market Price,2023-07-03T09:20:29.627298610+01,Trade,2006,70
ABF.L,,Market Price,2023-07-03T09:20:29.627298610+01,Trade,2006,200
ABF.L,,Market Price,2023-07-03T09:20:29.627298610+01,Trade,2007,144
ABF.L,,Market Price,2023-07-03T09:20:29.627426955+01,Trade,2007,201
ABF.L,,Market Price,2023-07-03T09:20:29.627426955+01,Trade,2006,176
ABF.L,,Market Price,2023-07-03T09:20:29.638639428+01,Trade,2006,165
ABF.L,,Market Price,2023-07-03T09:20:29.638639428+01,Trade,2006,29
ABF.L,,Market Price,2023-07-03T09:20:29.638639428+01,Trade,2007,165
ABF.L,,Market Price,2023-07-03T09:20:30.348497011+01,Trade,2007,160
ABF.L,,Market Price,2023-07-03T09:22:26.983399695+01,Trade,2007,165
ABF.L,,Market Price,2023-07-03T09:22:27.029015061+01,Trade,2007,52
ABF.L,,Market Price,2023-07-03T09:22:46.298687310+01,Trade,2006.4202,67
ABF.L,,Market Price,2023-07-03T09:27:23.378294811+01,Trade,2005.996,1
ABF.L,,Market Price,2023-07-03T09:28:12.443889160+01,Trade,2005,63
ABF.L,,Market Price,2023-07-03T09:30:07.988588496+01,Trade,2005,140
ABF.L,,Market Price,2023-07-03T09:30:07.988588496+01,Trade,2005,52
ABF.L,,Market Price,2023-07-03T09:30:18.643852104+01,Trade,2006,10
ABF.L,,Market Price,2023-07-03T09:30:18.643852104+01,Trade,2006,108
ABF.L,,Market Price,2023-07-03T09:30:18.643852104+01,Trade,2006,158
ABF.L,,Market Price,2023-07-03T09:30:19.558006604+01,Trade,20.06,230
ABF.L,,Market Price,2023-07-03T09:30:19.603632026+01,Trade,20.06,230
ABF.L,,Market Price,2023-07-03T09:30:22.733876752+01,Trade,2008,11
ABF.L,,Market Price,2023-07-03T09:30:31.428660251+01,Trade,2006.2,1000
ABF.L,,Market Price,2023-07-03T09:31:13.728957698+01,Trade,20.0776,1485
ABF.L,,Market Price,2023-07-03T09:31:32.373166107+01,Trade,2006,147
ABF.L,,Market Price,2023-07-03T09:31:32.373166107+01,Trade,2006,50
ABF.L,,Market Price,2023-07-03T09:31:32.373166107+01,Trade,2006,64
ABF.L,,Market Price,2023-07-03T09:38:09.188103001+01,Trade,2007,143
ABF.L,,Market Price,2023-07-03T09:38:09.202970532+01,Trade,2007,15
ABF.L,,Market Price,2023-07-03T09:38:10.113027832+01,Trade,2008,6
ABF.L,,Market Price,2023-07-03T09:38:53.558033648+01,Trade,2007.4788,24
ABF.L,,Market Price,2023-07-03T09:39:22.247984241+01,Trade,2008,26
ABF.L,,Market Price,2023-07-03T09:41:21.093657423+01,Trade,2006.4212,244
ABF.L,,Market Price,2023-07-03T09:41:28.798884871+01,Trade,2006,59
ABF.L,,Market Price,2023-07-03T09:41:32.097979606+01,Trade,2007.4798,73
ABF.L,,Market Price,2023-07-03T09:42:44.142983716+01,Trade,20.0624,1194
ABF.L,,Market Price,2023-07-03T09:46:14.538097297+01,Trade,2006,165
ABF.L,,Market Price,2023-07-03T09:46:14.538097297+01,Trade,2006,165
ABF.L,,Market Price,2023-07-03T09:46:14.538097297+01,Trade,2006,69
ABF.L,,Market Price,2023-07-03T09:46:14.538097297+01,Trade,2006,68
ABF.L,,Market Price,2023-07-03T09:46:14.538097297+01,Trade,2006,148
ABF.L,,Market Price,2023-07-03T09:47:44.283422690+01,Trade,2006,380
ABF.L,,Market Price,2023-07-03T09:48:12.878712187+01,Trade,2007,25000
ABF.L,,Market Price,2023-07-03T09:49:04.287987704+01,Trade,2007,200
ABF.L,,Market Price,2023-07-03T09:51:35.053347091+01,Trade,2006,2
ABF.L,,Market Price,2023-07-03T09:52:05.538447960+01,Trade,2007,99
ABF.L,,Market Price,2023-07-03T09:52:05.733130309+01,Trade,2007,1
ABF.L,,Market Price,2023-07-03T09:52:05.733130309+01,Trade,2006,340
ABF.L,,Market Price,2023-07-03T09:52:05.733130309+01,Trade,2006,63
ABF.L,,Market Price,2023-07-03T09:52:05.733130309+01,Trade,2006,215
ABF.L,,Market Price,2023-07-03T09:52:05.733130309+01,Trade,2006,141
ABF.L,,Market Price,2023-07-03T09:52:05.743602345+01,Trade,2005,1
ABF.L,,Market Price,2023-07-03T09:52:05.743602345+01,Trade,2005,190
ABF.L,,Market Price,2023-07-03T09:52:05.743602345+01,Trade,2005,125
ABF.L,,Market Price,2023-07-03T09:52:05.748680399+01,Trade,2005,4
ABF.L,,Market Price,2023-07-03T09:52:06.188605394+01,Trade,2005,70
ABF.L,,Market Price,2023-07-03T09:52:06.943355948+01,Trade,2004,249
ABF.L,,Market Price,2023-07-03T09:52:06.948427747+01,Trade,2004,165
ABF.L,,Market Price,2023-07-03T09:52:06.948427747+01,Trade,2004,165
ABF.L,,Market Price,2023-07-03T09:52:06.948427747+01,Trade,2004,43
ABF.L,,Market Price,2023-07-03T09:52:07.637962822+01,Trade,2004,48
ABF.L,,Market Price,2023-07-03T09:52:07.638403620+01,Trade,2004,165
ABF.L,,Market Price,2023-07-03T09:52:08.703616238+01,Trade,2005,69
ABF.L,,Market Price,2023-07-03T09:52:10.818436116+01,Trade,2006,600
ABF.L,,Market Price,2023-07-03T09:56:19.823194697+01,Trade,2007.2106,239
ABF.L,,Market Price,2023-07-03T09:56:57.458910734+01,Trade,2007,1
ABF.L,,Market Price,2023-07-03T09:57:02.903103426+01,Trade,2008,90
ABF.L,,Market Price,2023-07-03T09:57:02.903103426+01,Trade,2008,50
ABF.L,,Market Price,2023-07-03T09:57:02.903103426+01,Trade,2008,230
ABF.L,,Market Price,2023-07-03T09:58:14.678021297+01,Trade,2008.42,84
ABF.L,,Market Price,2023-07-03T09:59:03.008818685+01,Trade,2008,21
ABF.L,,Market Price,2023-07-03T09:59:05.423296027+01,Trade,2009,76
ABF.L,,Market Price,2023-07-03T09:59:17.103863991+01,Trade,2009,100
ABF.L,,Market Price,2023-07-03T10:02:15.748667302+01,Trade,2009.96,2
ABF.L,,Market Price,2023-07-03T10:02:29.683587347+01,Trade,2009,2
ABF.L,,Market Price,2023-07-03T10:03:02.858844756+01,Trade,2009,4
ABF.L,,Market Price,2023-07-03T10:03:02.858844756+01,Trade,2009,149
ABF.L,,Market Price,2023-07-03T10:03:42.473926690+01,Trade,20.07502,20625
ABF.L,,Market Price,2023-07-03T10:03:43.092382671+01,Trade,2008,165
ABF.L,,Market Price,2023-07-03T10:03:43.092382671+01,Trade,2009,64
ABF.L,,Market Price,2023-07-03T10:03:43.092382671+01,Trade,2009,227
ABF.L,,Market Price,2023-07-03T10:03:43.092382671+01,Trade,2009,91
ABF.L,,Market Price,2023-07-03T10:03:43.092382671+01,Trade,2009,159
ABF.L,,Market Price,2023-07-03T10:03:43.092382671+01,Trade,2009,139
ABF.L,,Market Price,2023-07-03T10:03:43.093176881+01,Trade,2009,200
ABF.L,,Market Price,2023-07-03T10:03:43.093176881+01,Trade,2010,213
ABF.L,,Market Price,2023-07-03T10:03:43.093176881+01,Trade,2010,159
ABF.L,,Market Price,2023-07-03T10:03:43.098184213+01,Trade,2010,160
ABF.L,,Market Price,2023-07-03T10:03:43.098184213+01,Trade,2010,129
ABF.L,,Market Price,2023-07-03T10:03:43.098184213+01,Trade,2010,165
ABF.L,,Market Price,2023-07-03T10:03:43.622980404+01,Trade,2010,13
ABF.L,,Market Price,2023-07-03T10:05:09.823457156+01,Trade,2009,1
ABF.L,,Market Price,2023-07-03T10:06:44.063674427+01,Trade,2009,165
ABF.L,,Market Price,2023-07-03T10:08:03.053986626+01,Trade,2008.4798,24
ABF.L,,Market Price,2023-07-03T10:08:31.003235436+01,Trade,2007,165
ABF.L,,Market Price,2023-07-03T10:09:12.246751097+01,Trade,2007,131
ABF.L,,Market Price,2023-07-03T10:09:12.246751097+01,Trade,2007,34
ABF.L,,Market Price,2023-07-03T10:09:12.246751097+01,Trade,2007,165
ABF.L,,Market Price,2023-07-03T10:09:12.246751097+01,Trade,2008,25
ABF.L,,Market Price,2023-07-03T10:09:12.246751097+01,Trade,2008,151
ABF.L,,Market Price,2023-07-03T10:09:12.247173588+01,Trade,2008,143
ABF.L,,Market Price,2023-07-03T10:09:12.247173588+01,Trade,2008,8
ABF.L,,Market Price,2023-07-03T10:09:12.247173588+01,Trade,2008,157
ABF.L,,Market Price,2023-07-03T10:09:12.247173588+01,Trade,2008,154
ABF.L,,Market Price,2023-07-03T10:09:53.458310427+01,Trade,2007,190000
ABF.L,,Market Price,2023-07-03T10:10:10.958048762+01,Trade,2009,695
ABF.L,,Market Price,2023-07-03T10:10:27.648098370+01,Trade,2007,165
ABF.L,,Market Price,2023-07-03T10:10:27.648098370+01,Trade,2007,165
ABF.L,,Market Price,2023-07-03T10:10:27.648098370+01,Trade,2007,143
ABF.L,,Market Price,2023-07-03T10:10:27.648098370+01,Trade,2007,156
ABF.L,,Market Price,2023-07-03T10:10:27.648098370+01,Trade,2007,143
ABF.L,,Market Price,2023-07-03T10:10:27.648153538+01,Trade,2007,5
ABF.L,,Market Price,2023-07-03T10:10:28.317917794+01,Trade,2008,140
ABF.L,,Market Price,2023-07-03T10:11:05.693178377+01,Trade,2009,892
ABF.L,,Market Price,2023-07-03T10:11:51.038047018+01,Trade,2007,139
ABF.L,,Market Price,2023-07-03T10:12:02.808451995+01,Trade,2007,140
ABF.L,,Market Price,2023-07-03T10:12:02.808451995+01,Trade,2007,25
ABF.L,,Market Price,2023-07-03T10:12:02.808451995+01,Trade,2007,165
ABF.L,,Market Price,2023-07-03T10:13:09.163091399+01,Trade,2007.996,1
ABF.L,,Market Price,2023-07-03T10:13:22.923056471+01,Trade,2008,92
ABF.L,,Market Price,2023-07-03T10:13:22.923056471+01,Trade,2008,93
ABF.L,,Market Price,2023-07-03T10:13:22.923056471+01,Trade,2008,10
ABF.L,,Market Price,2023-07-03T10:14:19.513318340+01,Trade,2008,26
ABF.L,,Market Price,2023-07-03T10:14:19.513318340+01,Trade,2008,79
ABF.L,,Market Price,2023-07-03T10:14:19.848759719+01,Trade,2008,79
ABF.L,,Market Price,2023-07-03T10:15:14.124495777+01,Trade,2009,135
ABF.L,,Market Price,2023-07-03T10:15:14.124495777+01,Trade,2009,97
ABF.L,,Market Price,2023-07-03T10:15:23.993216620+01,Trade,2008.22,337
ABF.L,,Market Price,2023-07-03T10:15:47.057995592+01,Trade,2008,2
ABF.L,,Market Price,2023-07-03T10:16:34.228968332+01,Trade,2009.4798,49
ABF.L,,Market Price,2023-07-03T10:16:57.878076713+01,Trade,2009,185
ABF.L,,Market Price,2023-07-03T10:16:57.878076713+01,Trade,2009,79
ABF.L,,Market Price,2023-07-03T10:17:11.168733252+01,Trade,2009,200
ABF.L,,Market Price,2023-07-03T10:17:11.168733252+01,Trade,2009,11
ABF.L,,Market Price,2023-07-03T10:17:11.168733252+01,Trade,2009,92
ABF.L,,Market Price,2023-07-03T10:17:13.953589572+01,Trade,2008,3
ABF.L,,Market Price,2023-07-03T10:23:02.963409327+01,Trade,2010,140
ABF.L,,Market Price,2023-07-03T10:23:04.118248468+01,Trade,2010,78
ABF.L,,Market Price,2023-07-03T10:23:07.512970052+01,Trade,2010,281
ABF.L,,Market Price,2023-07-03T10:23:08.283902685+01,Trade,20.0912,650
ABF.L,,Market Price,2023-07-03T10:23:34.543780843+01,Trade,2011,627
ABF.L,,Market Price,2023-07-03T10:23:34.543780843+01,Trade,2011,42
ABF.L,,Market Price,2023-07-03T10:24:05.563547147+01,Trade,2011,74
ABF.L,,Market Price,2023-07-03T10:27:38.788393846+01,Trade,2012,4
ABF.L,,Market Price,2023-07-03T10:28:30.158861925+01,Trade,2012,18
ABF.L,,Market Price,2023-07-03T10:29:39.223675270+01,Trade,2011,8
ABF.L,,Market Price,2023-07-03T10:29:39.228723922+01,Trade,2011,16
ABF.L,,Market Price,2023-07-03T10:29:42.733351182+01,Trade,2011,14
ABF.L,,Market Price,2023-07-03T10:29:50.688376665+01,Trade,2011,234
ABF.L,,Market Price,2023-07-03T10:29:50.688376665+01,Trade,2011,114
ABF.L,,Market Price,2023-07-03T10:29:50.688376665+01,Trade,2011,11
ABF.L,,Market Price,2023-07-03T10:29:50.688376665+01,Trade,2011,59
ABF.L,,Market Price,2023-07-03T10:29:50.688376665+01,Trade,2011,137
ABF.L,,Market Price,2023-07-03T10:34:24.548087859+01,Trade,2011,220
ABF.L,,Market Price,2023-07-03T10:34:27.743151890+01,Trade,2011.14,503
ABF.L,,Market Price,2023-07-03T10:36:58.883634214+01,Trade,2011,82
ABF.L,,Market Price,2023-07-03T10:36:58.883634214+01,Trade,2011,214
ABF.L,,Market Price,2023-07-03T10:37:27.573053621+01,Trade,2010,34
ABF.L,,Market Price,2023-07-03T10:37:27.573053621+01,Trade,2010,143
ABF.L,,Market Price,2023-07-03T10:37:27.573053621+01,Trade,2010,164
ABF.L,,Market Price,2023-07-03T10:37:27.573053621+01,Trade,2010,43
ABF.L,,Market Price,2023-07-03T10:37:27.573053621+01,Trade,2010,119
ABF.L,,Market Price,2023-07-03T10:37:27.573053621+01,Trade,2011,9
ABF.L,,Market Price,2023-07-03T10:37:27.573053621+01,Trade,2011,3
ABF.L,,Market Price,2023-07-03T10:37:27.573665237+01,Trade,2011,156
ABF.L,,Market Price,2023-07-03T10:37:27.573665237+01,Trade,2011,5
ABF.L,,Market Price,2023-07-03T10:37:27.573665237+01,Trade,2011,15
ABF.L,,Market Price,2023-07-03T10:39:41.328413038+01,Trade,2011,109
ABF.L,,Market Price,2023-07-03T10:39:41.328413038+01,Trade,2011,174
ABF.L,,Market Price,2023-07-03T10:39:41.328413038+01,Trade,2011,382
ABF.L,,Market Price,2023-07-03T10:40:26.307936621+01,Trade,20.1112,25
ABF.L,,Market Price,2023-07-03T10:40:38.652972958+01,Trade,2011.996,3
ABF.L,,Market Price,2023-07-03T10:41:25.273128874+01,Trade,2011,167
ABF.L,,Market Price,2023-07-03T10:41:25.273128874+01,Trade,2011,117
ABF.L,,Market Price,2023-07-03T10:42:00.673744831+01,Trade,2011.996,1
ABF.L,,Market Price,2023-07-03T10:42:41.683649789+01,Trade,2011.4798,600
ABF.L,,Market Price,2023-07-03T10:45:17.203896413+01,Trade,2010,86
ABF.L,,Market Price,2023-07-03T10:51:16.248799997+01,Trade,2009,2
ABF.L,,Market Price,2023-07-03T10:52:10.833074427+01,Trade,2009.2612,1000
ABF.L,,Market Price,2023-07-03T10:54:22.068942043+01,Trade,2011,60
ABF.L,,Market Price,2023-07-03T10:54:22.692939107+01,Trade,2012,4
ABF.L,,Market Price,2023-07-03T10:54:59.377903811+01,Trade,2011.4798,120
ABF.L,,Market Price,2023-07-03T10:57:53.208110537+01,Trade,2012,657
ABF.L,,Market Price,2023-07-03T10:57:53.208110537+01,Trade,2012,169
ABF.L,,Market Price,2023-07-03T10:57:53.208110537+01,Trade,2012,42
ABF.L,,Market Price,2023-07-03T10:57:53.208110537+01,Trade,2012,167
ABF.L,,Market Price,2023-07-03T10:58:00.323800893+01,Trade,2011,23
ABF.L,,Market Price,2023-07-03T10:58:04.428783749+01,Trade,2011.8094,8
ABF.L,,Market Price,2023-07-03T11:00:37.543094426+01,Trade,2012,164
ABF.L,,Market Price,2023-07-03T11:00:37.543094426+01,Trade,2012,167
ABF.L,,Market Price,2023-07-03T11:00:37.543094426+01,Trade,2012,81
ABF.L,,Market Price,2023-07-03T11:00:37.543094426+01,Trade,2012,148
ABF.L,,Market Price,2023-07-03T11:00:37.543094426+01,Trade,2012,151
ABF.L,,Market Price,2023-07-03T11:00:37.563541483+01,Trade,2012,97
ABF.L,,Market Price,2023-07-03T11:01:23.978800182+01,Trade,2011.14,95
ABF.L,,Market Price,2023-07-03T11:01:28.228092354+01,Trade,2011,95
ABF.L,,Market Price,2023-07-03T11:01:36.768632800+01,Trade,2011,117
ABF.L,,Market Price,2023-07-03T11:01:36.768632800+01,Trade,2011,49
ABF.L,,Market Price,2023-07-03T11:04:23.412893219+01,Trade,2012,3
ABF.L,,Market Price,2023-07-03T11:05:46.637979959+01,Trade,2010.46,346
ABF.L,,Market Price,2023-07-03T11:06:27.603831566+01,Trade,2011,16
ABF.L,,Market Price,2023-07-03T11:06:30.348910185+01,Trade,2011,11
ABF.L,,Market Price,2023-07-03T11:06:30.348910185+01,Trade,2011,77
ABF.L,,Market Price,2023-07-03T11:06:30.348910185+01,Trade,2011,35
ABF.L,,Market Price,2023-07-03T11:07:42.368582933+01,Trade,2010.48,210
ABF.L,,Market Price,2023-07-03T11:10:41.678430762+01,Trade,20.1112,30
ABF.L,,Market Price,2023-07-03T11:12:03.542949901+01,Trade,2012,168
ABF.L,,Market Price,2023-07-03T11:15:02.962949945+01,Trade,2012,47
ABF.L,,Market Price,2023-07-03T11:15:02.963320287+01,Trade,2012,160
ABF.L,,Market Price,2023-07-03T11:15:02.963320287+01,Trade,2012,20
ABF.L,,Market Price,2023-07-03T11:15:54.183577497+01,Trade,2013,2
ABF.L,,Market Price,2023-07-03T11:15:55.008689643+01,Trade,2013,215
ABF.L,,Market Price,2023-07-03T11:18:08.023176876+01,Trade,2013,99
ABF.L,,Market Price,2023-07-03T11:18:08.023176876+01,Trade,2013,120
ABF.L,,Market Price,2023-07-03T11:18:09.848931385+01,Trade,2013,273
ABF.L,,Market Price,2023-07-03T11:18:09.848931385+01,Trade,2013,127
ABF.L,,Market Price,2023-07-03T11:18:09.848931385+01,Trade,2013,87
ABF.L,,Market Price,2023-07-03T11:19:43.332947176+01,Trade,2013.25,96
ABF.L,,Market Price,2023-07-03T11:20:44.862961418+01,Trade,2013,3
ABF.L,,Market Price,2023-07-03T11:23:52.107940228+01,Trade,2014,19
ABF.L,,Market Price,2023-07-03T11:23:52.128317569+01,Trade,2014,755
ABF.L,,Market Price,2023-07-03T11:23:52.128317569+01,Trade,2014,1
ABF.L,,Market Price,2023-07-03T11:23:52.128317569+01,Trade,2014,116
ABF.L,,Market Price,2023-07-03T11:23:53.073127527+01,Trade,2015,33
ABF.L,,Market Price,2023-07-03T11:25:11.668085480+01,Trade,2016,165
ABF.L,,Market Price,2023-07-03T11:25:11.668085480+01,Trade,2016,126
ABF.L,,Market Price,2023-07-03T11:25:11.668085480+01,Trade,2016,207
ABF.L,,Market Price,2023-07-03T11:26:59.848156197+01,Trade,2017,113
ABF.L,,Market Price,2023-07-03T11:27:01.118642633+01,Trade,2017,6
ABF.L,,Market Price,2023-07-03T11:27:51.267977347+01,Trade,2016,148
ABF.L,,Market Price,2023-07-03T11:27:51.428851645+01,Trade,2015,51
ABF.L,,Market Price,2023-07-03T11:27:51.428851645+01,Trade,2015,120
ABF.L,,Market Price,2023-07-03T11:27:51.428851645+01,Trade,2015,224
ABF.L,,Market Price,2023-07-03T11:27:51.428851645+01,Trade,2015,144
ABF.L,,Market Price,2023-07-03T11:27:51.428851645+01,Trade,2015,165
ABF.L,,Market Price,2023-07-03T11:27:52.413445465+01,Trade,2016,187
ABF.L,,Market Price,2023-07-03T11:27:52.413445465+01,Trade,2016,116
ABF.L,,Market Price,2023-07-03T11:29:18.773363093+01,Trade,2016,138
ABF.L,,Market Price,2023-07-03T11:29:18.778269154+01,Trade,2016,14
ABF.L,,Market Price,2023-07-03T11:29:18.778269154+01,Trade,2016,214
ABF.L,,Market Price,2023-07-03T11:30:32.893118546+01,Trade,2017,90
ABF.L,,Market Price,2023-07-03T11:30:32.893118546+01,Trade,2017,115
ABF.L,,Market Price,2023-07-03T11:30:33.473336858+01,Trade,2018,18
ABF.L,,Market Price,2023-07-03T11:31:48.483171247+01,Trade,2016,55
ABF.L,,Market Price,2023-07-03T11:31:48.483171247+01,Trade,2016,86
ABF.L,,Market Price,2023-07-03T11:33:02.573763801+01,Trade,2015,67
ABF.L,,Market Price,2023-07-03T11:33:02.573763801+01,Trade,2015,128
ABF.L,,Market Price,2023-07-03T11:36:54.179168603+01,Trade,2016,308
ABF.L,,Market Price,2023-07-03T11:36:54.179168603+01,Trade,2016,122
ABF.L,,Market Price,2023-07-03T11:37:39.462978015+01,Trade,2016.52,100
ABF.L,,Market Price,2023-07-03T11:41:38.093686873+01,Trade,2016,213
ABF.L,,Market Price,2023-07-03T11:41:40.107968023+01,Trade,2017,65
ABF.L,,Market Price,2023-07-03T11:41:49.597981142+01,Trade,2017,165
ABF.L,,Market Price,2023-07-03T11:41:49.598130866+01,Trade,2017,165
ABF.L,,Market Price,2023-07-03T11:41:49.598130866+01,Trade,2017,120
ABF.L,,Market Price,2023-07-03T11:41:49.598130866+01,Trade,2017,82
ABF.L,,Market Price,2023-07-03T11:44:53.383347920+01,Trade,2015.28,450
ABF.L,,Market Price,2023-07-03T11:45:49.603556581+01,Trade,2015,205
ABF.L,,Market Price,2023-07-03T11:46:03.588127498+01,Trade,2014,165
ABF.L,,Market Price,2023-07-03T11:46:03.588127498+01,Trade,2014,165
ABF.L,,Market Price,2023-07-03T11:46:03.588127498+01,Trade,2014,120
ABF.L,,Market Price,2023-07-03T11:46:04.127974560+01,Trade,20.1424,30
ABF.L,,Market Price,2023-07-03T11:47:07.243696773+01,Trade,2015.9974,2
ABF.L,,Market Price,2023-07-03T11:51:57.318250100+01,Trade,2015.6198,443
ABF.L,,Market Price,2023-07-03T11:53:43.873554390+01,Trade,2015,2
ABF.L,,Market Price,2023-07-03T11:53:46.478168474+01,Trade,2014,194
ABF.L,,Market Price,2023-07-03T11:53:46.478168474+01,Trade,2014,2
ABF.L,,Market Price,2023-07-03T11:53:46.488942692+01,Trade,2014,165
ABF.L,,Market Price,2023-07-03T11:53:46.488942692+01,Trade,2014,15
ABF.L,,Market Price,2023-07-03T11:54:15.353300079+01,Trade,2014.9974,3
ABF.L,,Market Price,2023-07-03T11:54:42.772912461+01,Trade,2015,165
ABF.L,,Market Price,2023-07-03T11:54:42.772912461+01,Trade,2015,165
ABF.L,,Market Price,2023-07-03T11:54:42.772912461+01,Trade,2015,110
ABF.L,,Market Price,2023-07-03T11:54:42.772912461+01,Trade,2014,37
ABF.L,,Market Price,2023-07-03T11:54:42.772912461+01,Trade,2014,165
ABF.L,,Market Price,2023-07-03T11:54:42.773053921+01,Trade,2014,165
ABF.L,,Market Price,2023-07-03T11:54:42.773053921+01,Trade,2014,141
ABF.L,,Market Price,2023-07-03T11:54:42.773053921+01,Trade,2014,156
ABF.L,,Market Price,2023-07-03T11:54:42.773053921+01,Trade,2014,74
ABF.L,,Market Price,2023-07-03T11:54:42.773053921+01,Trade,2014,10
ABF.L,,Market Price,2023-07-03T11:54:42.773053921+01,Trade,2015,165
ABF.L,,Market Price,2023-07-03T11:54:42.773053921+01,Trade,2015,165
ABF.L,,Market Price,2023-07-03T11:54:42.773104935+01,Trade,2015,191
ABF.L,,Market Price,2023-07-03T11:54:42.778079811+01,Trade,2015,161
ABF.L,,Market Price,2023-07-03T11:54:42.778079811+01,Trade,2014,165
ABF.L,,Market Price,2023-07-03T11:54:42.778079811+01,Trade,2014,7
ABF.L,,Market Price,2023-07-03T11:54:42.778079811+01,Trade,2014,152
ABF.L,,Market Price,2023-07-03T11:54:42.778079811+01,Trade,2014,165
ABF.L,,Market Price,2023-07-03T11:54:51.153088382+01,Trade,2014,90
ABF.L,,Market Price,2023-07-03T11:58:10.653285533+01,Trade,2013,3
ABF.L,,Market Price,2023-07-03T11:58:10.653285533+01,Trade,2013,4
ABF.L,,Market Price,2023-07-03T11:58:10.653285533+01,Trade,2013,174
ABF.L,,Market Price,2023-07-03T11:59:23.583187663+01,Trade,2011,154
ABF.L,,Market Price,2023-07-03T12:00:33.713235324+01,Trade,2011,1
ABF.L,,Market Price,2023-07-03T12:00:56.443004777+01,Trade,2009.5412,800
ABF.L,,Market Price,2023-07-03T12:11:02.893155844+01,Trade,2010,126
ABF.L,,Market Price,2023-07-03T12:11:02.893155844+01,Trade,2010,41
ABF.L,,Market Price,2023-07-03T12:11:02.908171482+01,Trade,2010,98
ABF.L,,Market Price,2023-07-03T12:11:37.463365440+01,Trade,2010,67
ABF.L,,Market Price,2023-07-03T12:11:40.268041705+01,Trade,2010,32
ABF.L,,Market Price,2023-07-03T12:13:29.348015973+01,Trade,2010.1,45
ABF.L,,Market Price,2023-07-03T12:15:48.653022028+01,Trade,2010,2
ABF.L,,Market Price,2023-07-03T12:26:11.493248881+01,Trade,2011,291
ABF.L,,Market Price,2023-07-03T12:26:11.493248881+01,Trade,2011,23
ABF.L,,Market Price,2023-07-03T12:26:11.493248881+01,Trade,2011,69
ABF.L,,Market Price,2023-07-03T12:26:11.498237178+01,Trade,2011,80
ABF.L,,Market Price,2023-07-03T12:26:11.498237178+01,Trade,2011,2
ABF.L,,Market Price,2023-07-03T12:26:12.148428183+01,Trade,2011,46
ABF.L,,Market Price,2023-07-03T12:26:12.438070534+01,Trade,2011,6
ABF.L,,Market Price,2023-07-03T12:26:16.173704200+01,Trade,2012,80
ABF.L,,Market Price,2023-07-03T12:26:34.533170124+01,Trade,2011,93
ABF.L,,Market Price,2023-07-03T12:26:34.533170124+01,Trade,2011,21
ABF.L,,Market Price,2023-07-03T12:26:34.533170124+01,Trade,2011,61
ABF.L,,Market Price,2023-07-03T12:26:34.533170124+01,Trade,2011,32
ABF.L,,Market Price,2023-07-03T12:26:34.533170124+01,Trade,2011,208
ABF.L,,Market Price,2023-07-03T12:26:34.538125066+01,Trade,2011,6
ABF.L,,Market Price,2023-07-03T12:30:32.238618604+01,Trade,2011,12
ABF.L,,Market Price,2023-07-03T12:30:32.563053992+01,Trade,2011,4
ABF.L,,Market Price,2023-07-03T12:30:38.873438229+01,Trade,2010.9974,1
ABF.L,,Market Price,2023-07-03T12:34:59.633802854+01,Trade,2011,2
ABF.L,,Market Price,2023-07-03T12:35:18.544678906+01,Trade,2010.54,150
ABF.L,,Market Price,2023-07-03T12:40:31.388331222+01,Trade,2010.28,24
ABF.L,,Market Price,2023-07-03T12:44:05.288319347+01,Trade,2012,22
ABF.L,,Market Price,2023-07-03T12:44:05.288319347+01,Trade,2012,65
ABF.L,,Market Price,2023-07-03T12:44:05.288319347+01,Trade,2012,72
ABF.L,,Market Price,2023-07-03T12:44:05.508313852+01,Trade,2013,86
ABF.L,,Market Price,2023-07-03T12:44:05.508313852+01,Trade,2013,165
ABF.L,,Market Price,2023-07-03T12:44:05.508313852+01,Trade,2013,190
ABF.L,,Market Price,2023-07-03T12:44:05.508313852+01,Trade,2013,151
ABF.L,,Market Price,2023-07-03T12:44:05.508474120+01,Trade,2012,32
ABF.L,,Market Price,2023-07-03T12:44:05.508474120+01,Trade,2012,60
ABF.L,,Market Price,2023-07-03T12:44:05.508474120+01,Trade,2012,8
ABF.L,,Market Price,2023-07-03T12:44:05.508474120+01,Trade,2012,165
ABF.L,,Market Price,2023-07-03T12:44:05.508474120+01,Trade,2012,165
ABF.L,,Market Price,2023-07-03T12:44:05.508474120+01,Trade,2012,151
ABF.L,,Market Price,2023-07-03T12:44:05.508474120+01,Trade,2012,92
ABF.L,,Market Price,2023-07-03T12:44:05.508474120+01,Trade,2012,56
ABF.L,,Market Price,2023-07-03T12:44:05.513312657+01,Trade,2012,138
ABF.L,,Market Price,2023-07-03T12:44:05.513312657+01,Trade,2012,187
ABF.L,,Market Price,2023-07-03T12:44:33.078336675+01,Trade,2013,287
ABF.L,,Market Price,2023-07-03T12:44:33.078336675+01,Trade,2013,190
ABF.L,,Market Price,2023-07-03T12:44:33.243183271+01,Trade,2012,165
ABF.L,,Market Price,2023-07-03T12:44:33.243183271+01,Trade,2012,165
ABF.L,,Market Price,2023-07-03T12:44:33.243183271+01,Trade,2012,161
ABF.L,,Market Price,2023-07-03T12:44:33.243183271+01,Trade,2012,200
ABF.L,,Market Price,2023-07-03T12:44:33.243183271+01,Trade,2012,214
ABF.L,,Market Price,2023-07-03T12:46:02.948755240+01,Trade,2012,209
ABF.L,,Market Price,2023-07-03T12:48:25.658222043+01,Trade,2013,176
ABF.L,,Market Price,2023-07-03T12:48:25.658222043+01,Trade,2013,14
ABF.L,,Market Price,2023-07-03T12:48:25.658222043+01,Trade,2013,427
ABF.L,,Market Price,2023-07-03T12:48:25.788673472+01,Trade,2013,9
ABF.L,,Market Price,2023-07-03T12:48:25.788673472+01,Trade,2013,148
ABF.L,,Market Price,2023-07-03T12:50:03.483737613+01,Trade,2011,14
ABF.L,,Market Price,2023-07-03T12:50:05.598505798+01,Trade,2012,210
ABF.L,,Market Price,2023-07-03T12:53:50.848471320+01,Trade,2013,11
ABF.L,,Market Price,2023-07-03T12:56:10.788203436+01,Trade,2011,165
ABF.L,,Market Price,2023-07-03T12:56:10.788203436+01,Trade,2011,165
ABF.L,,Market Price,2023-07-03T12:56:10.788203436+01,Trade,2011,58
ABF.L,,Market Price,2023-07-03T12:56:10.788203436+01,Trade,2011,141
ABF.L,,Market Price,2023-07-03T12:56:10.788203436+01,Trade,2011,72
ABF.L,,Market Price,2023-07-03T12:59:52.428366874+01,Trade,2012,1
ABF.L,,Market Price,2023-07-03T13:02:06.598272739+01,Trade,2010,165
ABF.L,,Market Price,2023-07-03T13:02:06.598272739+01,Trade,2010,165
ABF.L,,Market Price,2023-07-03T13:02:06.598272739+01,Trade,2010,159
ABF.L,,Market Price,2023-07-03T13:02:06.598272739+01,Trade,2010,55
ABF.L,,Market Price,2023-07-03T13:02:06.598272739+01,Trade,2010,16
ABF.L,,Market Price,2023-07-03T13:02:06.598272739+01,Trade,2010,48
ABF.L,,Market Price,2023-07-03T13:02:06.598369400+01,Trade,2010,75
ABF.L,,Market Price,2023-07-03T13:02:06.768580658+01,Trade,2010,154
ABF.L,,Market Price,2023-07-03T13:02:06.768580658+01,Trade,2010,48
ABF.L,,Market Price,2023-07-03T13:02:07.363981839+01,Trade,2010,49
ABF.L,,Market Price,2023-07-03T13:02:41.133671902+01,Trade,2010,24
ABF.L,,Market Price,2023-07-03T13:02:52.123523867+01,Trade,2011,104
ABF.L,,Market Price,2023-07-03T13:04:28.968288401+01,Trade,2011,50
ABF.L,,Market Price,2023-07-03T13:04:28.968288401+01,Trade,2011,123
ABF.L,,Market Price,2023-07-03T13:06:10.973411044+01,Trade,2012,129
ABF.L,,Market Price,2023-07-03T13:06:10.973411044+01,Trade,2012,184
ABF.L,,Market Price,2023-07-03T13:08:59.913063846+01,Trade,2012.6198,395
ABF.L,,Market Price,2023-07-03T13:11:14.258066008+01,Trade,2013,7
ABF.L,,Market Price,2023-07-03T13:14:10.998228056+01,Trade,2011,257
ABF.L,,Market Price,2023-07-03T13:14:10.998228056+01,Trade,2011,208
ABF.L,,Market Price,2023-07-03T13:18:19.703301428+01,Trade,2010,76
ABF.L,,Market Price,2023-07-03T13:18:50.123748122+01,Trade,2010,5
ABF.L,,Market Price,2023-07-03T13:18:50.123748122+01,Trade,2010,5
ABF.L,,Market Price,2023-07-03T13:21:47.153106617+01,Trade,2011,70
ABF.L,,Market Price,2023-07-03T13:24:25.033582164+01,Trade,2009,267
ABF.L,,Market Price,2023-07-03T13:25:53.128594461+01,Trade,2008.2806,269
ABF.L,,Market Price,2023-07-03T13:26:21.148801407+01,Trade,2006.378,3630
ABF.L,,Market Price,2023-07-03T13:26:28.588158519+01,Trade,2007,3000
ABF.L,,Market Price,2023-07-03T13:26:29.908244109+01,Trade,2008,143
ABF.L,,Market Price,2023-07-03T13:30:23.613266024+01,Trade,2009,7
ABF.L,,Market Price,2023-07-03T13:30:29.078285730+01,Trade,2009,175
ABF.L,,Market Price,2023-07-03T13:30:29.078285730+01,Trade,2009,165
ABF.L,,Market Price,2023-07-03T13:30:29.078285730+01,Trade,2009,74
ABF.L,,Market Price,2023-07-03T13:30:29.078285730+01,Trade,2009,170
ABF.L,,Market Price,2023-07-03T13:31:35.528642621+01,Trade,2008,45
ABF.L,,Market Price,2023-07-03T13:31:35.528642621+01,Trade,2008,165
ABF.L,,Market Price,2023-07-03T13:31:35.528642621+01,Trade,2008,165
ABF.L,,Market Price,2023-07-03T13:31:35.528642621+01,Trade,2008,129
ABF.L,,Market Price,2023-07-03T13:32:01.308378000+01,Trade,2009,46
ABF.L,,Market Price,2023-07-03T13:33:58.993350467+01,Trade,2008,155
ABF.L,,Market Price,2023-07-03T13:33:58.993350467+01,Trade,2008,29
ABF.L,,Market Price,2023-07-03T13:33:58.993350467+01,Trade,2008,220
ABF.L,,Market Price,2023-07-03T13:34:22.738480759+01,Trade,2007.8099,98
ABF.L,,Market Price,2023-07-03T13:34:46.203477912+01,Trade,2008,272
ABF.L,,Market Price,2023-07-03T13:34:46.208084613+01,Trade,2008,165
ABF.L,,Market Price,2023-07-03T13:34:46.208491598+01,Trade,2008,165
ABF.L,,Market Price,2023-07-03T13:34:46.208491598+01,Trade,2008,140
ABF.L,,Market Price,2023-07-03T13:35:25.853355376+01,Trade,2008,251
ABF.L,,Market Price,2023-07-03T13:35:25.853355376+01,Trade,2008,150
ABF.L,,Market Price,2023-07-03T13:35:25.853355376+01,Trade,2008,150
ABF.L,,Market Price,2023-07-03T13:35:25.853355376+01,Trade,2008,35
ABF.L,,Market Price,2023-07-03T13:35:25.853434523+01,Trade,2008,50
ABF.L,,Market Price,2023-07-03T13:35:25.853434523+01,Trade,2008,150
ABF.L,,Market Price,2023-07-03T13:35:25.853434523+01,Trade,2008,30
ABF.L,,Market Price,2023-07-03T13:35:26.323350347+01,Trade,2008,364
ABF.L,,Market Price,2023-07-03T13:38:10.783368380+01,Trade,2007.9987,2
ABF.L,,Market Price,2023-07-03T13:43:36.783357846+01,Trade,2007,154
ABF.L,,Market Price,2023-07-03T13:43:36.783357846+01,Trade,2007,197
ABF.L,,Market Price,2023-07-03T13:43:36.783357846+01,Trade,2007,215
ABF.L,,Market Price,2023-07-03T13:43:36.783357846+01,Trade,2007,166
ABF.L,,Market Price,2023-07-03T13:43:36.783357846+01,Trade,2007,2
ABF.L,,Market Price,2023-07-03T13:43:36.783357846+01,Trade,2007,116
ABF.L,,Market Price,2023-07-03T13:43:36.798133480+01,Trade,2007,229
ABF.L,,Market Price,2023-07-03T13:43:36.798133480+01,Trade,2007,49
ABF.L,,Market Price,2023-07-03T13:43:36.813154977+01,Trade,2007,2
ABF.L,,Market Price,2023-07-03T13:43:36.813247911+01,Trade,2007,41
ABF.L,,Market Price,2023-07-03T13:48:38.973569189+01,Trade,2008,83
ABF.L,,Market Price,2023-07-03T13:48:38.973569189+01,Trade,2008,88
ABF.L,,Market Price,2023-07-03T13:48:38.978608498+01,Trade,2008,200
ABF.L,,Market Price,2023-07-03T13:48:38.978608498+01,Trade,2008,169
ABF.L,,Market Price,2023-07-03T13:48:39.003442491+01,Trade,2008,165
ABF.L,,Market Price,2023-07-03T13:48:39.003442491+01,Trade,2008,14
ABF.L,,Market Price,2023-07-03T13:48:39.003442491+01,Trade,2008,172
ABF.L,,Market Price,2023-07-03T13:48:39.559035763+01,Trade,2008,6
ABF.L,,Market Price,2023-07-03T13:49:22.713059808+01,Trade,2008,165
ABF.L,,Market Price,2023-07-03T13:49:22.713604744+01,Trade,2008,166
ABF.L,,Market Price,2023-07-03T13:49:22.713604744+01,Trade,2008,129
ABF.L,,Market Price,2023-07-03T13:49:29.233293586+01,Trade,2009,165
ABF.L,,Market Price,2023-07-03T13:49:29.233293586+01,Trade,2009,29
ABF.L,,Market Price,2023-07-03T13:49:29.233293586+01,Trade,2009,136
ABF.L,,Market Price,2023-07-03T13:49:29.233293586+01,Trade,2009,148
ABF.L,,Market Price,2023-07-03T13:49:29.233293586+01,Trade,2009,162
ABF.L,,Market Price,2023-07-03T13:49:29.233293586+01,Trade,2009,200
ABF.L,,Market Price,2023-07-03T13:49:29.233933816+01,Trade,2009,158
ABF.L,,Market Price,2023-07-03T13:49:33.078192703+01,Trade,2010,165
ABF.L,,Market Price,2023-07-03T13:49:49.078804982+01,Trade,2010,0
ABF.L,,Market Price,2023-07-03T13:53:44.833875074+01,Trade,2009,4
ABF.L,,Market Price,2023-07-03T13:57:24.523445434+01,Trade,2008.5602,54
ABF.L,,Market Price,2023-07-03T13:58:43.173232900+01,Trade,2008,167
ABF.L,,Market Price,2023-07-03T13:58:43.173232900+01,Trade,2008,280
ABF.L,,Market Price,2023-07-03T13:58:43.179069667+01,Trade,2008,214
ABF.L,,Market Price,2023-07-03T13:59:13.698090798+01,Trade,2008,3
ABF.L,,Market Price,2023-07-03T14:00:36.033718818+01,Trade,2007,11
ABF.L,,Market Price,2023-07-03T14:00:36.033718818+01,Trade,2007,55
ABF.L,,Market Price,2023-07-03T14:00:36.038799557+01,Trade,2007,65
ABF.L,,Market Price,2023-07-03T14:00:42.463417352+01,Trade,2008,4
ABF.L,,Market Price,2023-07-03T14:01:06.568653862+01,Trade,2007.9974,1
ABF.L,,Market Price,2023-07-03T14:04:08.623236200+01,Trade,2008,241
ABF.L,,Market Price,2023-07-03T14:04:08.623236200+01,Trade,2008,90
ABF.L,,Market Price,2023-07-03T14:04:08.623236200+01,Trade,2008,100
ABF.L,,Market Price,2023-07-03T14:04:08.623236200+01,Trade,2008,92
ABF.L,,Market Price,2023-07-03T14:04:08.743437213+01,Trade,2009,129
ABF.L,,Market Price,2023-07-03T14:04:08.743437213+01,Trade,2009,165
ABF.L,,Market Price,2023-07-03T14:04:08.753219551+01,Trade,2008,200
ABF.L,,Market Price,2023-07-03T14:04:08.753219551+01,Trade,2008,180
ABF.L,,Market Price,2023-07-03T14:04:08.753219551+01,Trade,2008,157
ABF.L,,Market Price,2023-07-03T14:04:08.753219551+01,Trade,2008,165
ABF.L,,Market Price,2023-07-03T14:04:08.753219551+01,Trade,2008,18
ABF.L,,Market Price,2023-07-03T14:05:49.628944856+01,Trade,2008.9974,2
ABF.L,,Market Price,2023-07-03T14:07:37.828937092+01,Trade,2008,120
ABF.L,,Market Price,2023-07-03T14:07:55.658718680+01,Trade,2007.0044,9
ABF.L,,Market Price,2023-07-03T14:13:29.183544171+01,Trade,2008.14,547
ABF.L,,Market Price,2023-07-03T14:13:53.713864300+01,Trade,2008,31
ABF.L,,Market Price,2023-07-03T14:13:53.713864300+01,Trade,2008,165
ABF.L,,Market Price,2023-07-03T14:13:53.713864300+01,Trade,2008,165
ABF.L,,Market Price,2023-07-03T14:13:53.884083359+01,Trade,2009,165
ABF.L,,Market Price,2023-07-03T14:13:53.884083359+01,Trade,2009,200
ABF.L,,Market Price,2023-07-03T14:13:53.884083359+01,Trade,2009,85
ABF.L,,Market Price,2023-07-03T14:13:53.884083359+01,Trade,2009,165
ABF.L,,Market Price,2023-07-03T14:13:53.884083359+01,Trade,2009,129
ABF.L,,Market Price,2023-07-03T14:13:53.884083359+01,Trade,2009,164
ABF.L,,Market Price,2023-07-03T14:13:53.889016043+01,Trade,2009,57
ABF.L,,Market Price,2023-07-03T14:13:53.889016043+01,Trade,2009,3
ABF.L,,Market Price,2023-07-03T14:13:53.889016043+01,Trade,2009,135
ABF.L,,Market Price,2023-07-03T14:13:54.433059410+01,Trade,2009,130
ABF.L,,Market Price,2023-07-03T14:13:55.793708492+01,Trade,2009,35
ABF.L,,Market Price,2023-07-03T14:13:55.793708492+01,Trade,2009,196
ABF.L,,Market Price,2023-07-03T14:13:55.793708492+01,Trade,2009,165
ABF.L,,Market Price,2023-07-03T14:14:09.623997759+01,Trade,2010,163
ABF.L,,Market Price,2023-07-03T14:14:09.623997759+01,Trade,2010,129
ABF.L,,Market Price,2023-07-03T14:14:09.623997759+01,Trade,2010,165
ABF.L,,Market Price,2023-07-03T14:14:09.623997759+01,Trade,2010,42
ABF.L,,Market Price,2023-07-03T14:14:09.623997759+01,Trade,2010,159
ABF.L,,Market Price,2023-07-03T14:14:09.628054015+01,Trade,2010,44
ABF.L,,Market Price,2023-07-03T14:14:09.629040396+01,Trade,2010,16
ABF.L,,Market Price,2023-07-03T14:14:09.629040396+01,Trade,2010,159
ABF.L,,Market Price,2023-07-03T14:14:09.643901437+01,Trade,2009,8
ABF.L,,Market Price,2023-07-03T14:14:09.643901437+01,Trade,2009,165
ABF.L,,Market Price,2023-07-03T14:14:09.643901437+01,Trade,2009,8
ABF.L,,Market Price,2023-07-03T14:14:09.648962526+01,Trade,2009,140
ABF.L,,Market Price,2023-07-03T14:14:09.648962526+01,Trade,2009,200
ABF.L,,Market Price,2023-07-03T14:14:09.648962526+01,Trade,2009,166
ABF.L,,Market Price,2023-07-03T14:14:09.648962526+01,Trade,2009,158
ABF.L,,Market Price,2023-07-03T14:14:24.898966005+01,Trade,2009,480
ABF.L,,Market Price,2023-07-03T14:14:24.898966005+01,Trade,2009,48
ABF.L,,Market Price,2023-07-03T14:14:24.908921175+01,Trade,2009,118
ABF.L,,Market Price,2023-07-03T14:14:24.908921175+01,Trade,2009,153
ABF.L,,Market Price,2023-07-03T14:14:24.908921175+01,Trade,2009,195
ABF.L,,Market Price,2023-07-03T14:15:10.758551267+01,Trade,2009,161
ABF.L,,Market Price,2023-07-03T14:15:10.758551267+01,Trade,2009,120
ABF.L,,Market Price,2023-07-03T14:15:10.758551267+01,Trade,2009,158
ABF.L,,Market Price,2023-07-03T14:15:10.758551267+01,Trade,2009,108
ABF.L,,Market Price,2023-07-03T14:16:18.638639164+01,Trade,2009,102
ABF.L,,Market Price,2023-07-03T14:17:01.198046391+01,Trade,2008.28,6
ABF.L,,Market Price,2023-07-03T14:18:10.168989722+01,Trade,2008,99
ABF.L,,Market Price,2023-07-03T14:18:10.168989722+01,Trade,2008,142
ABF.L,,Market Price,2023-07-03T14:20:24.403682487+01,Trade,2007,6
ABF.L,,Market Price,2023-07-03T14:22:57.078401277+01,Trade,2008,84
ABF.L,,Market Price,2023-07-03T14:24:49.063845401+01,Trade,2007,105
ABF.L,,Market Price,2023-07-03T14:25:23.388169784+01,Trade,2007,560
ABF.L,,Market Price,2023-07-03T14:25:23.388169784+01,Trade,2007,45
ABF.L,,Market Price,2023-07-03T14:28:14.029030445+01,Trade,2007,24
ABF.L,,Market Price,2023-07-03T14:28:14.029030445+01,Trade,2007,176
ABF.L,,Market Price,2023-07-03T14:28:53.788417859+01,Trade,2008,18
ABF.L,,Market Price,2023-07-03T14:30:37.613637400+01,Trade,2008,14
ABF.L,,Market Price,2023-07-03T14:30:49.868897400+01,Trade,2007,238
ABF.L,,Market Price,2023-07-03T14:33:32.928988979+01,Trade,2007.58,100
ABF.L,,Market Price,2023-07-03T14:35:07.213731423+01,Trade,2009,112
ABF.L,,Market Price,2023-07-03T14:35:07.478972794+01,Trade,2008,103
ABF.L,,Market Price,2023-07-03T14:35:07.578254475+01,Trade,2008,17
ABF.L,,Market Price,2023-07-03T14:35:07.578254475+01,Trade,2008,240
ABF.L,,Market Price,2023-07-03T14:35:07.578254475+01,Trade,2008,150
ABF.L,,Market Price,2023-07-03T14:35:08.848945308+01,Trade,2008,219
ABF.L,,Market Price,2023-07-03T14:35:08.848945308+01,Trade,2008,313
ABF.L,,Market Price,2023-07-03T14:35:50.878242140+01,Trade,2009,10
ABF.L,,Market Price,2023-07-03T14:36:10.578903170+01,Trade,2009,22
ABF.L,,Market Price,2023-07-03T14:36:10.578903170+01,Trade,2009,87
ABF.L,,Market Price,2023-07-03T14:38:52.558856175+01,Trade,20.0871,1400
ABF.L,,Market Price,2023-07-03T14:40:38.043241180+01,Trade,2009,11
ABF.L,,Market Price,2023-07-03T14:40:38.043241180+01,Trade,2009,237
ABF.L,,Market Price,2023-07-03T14:40:38.043241180+01,Trade,2009,764
ABF.L,,Market Price,2023-07-03T14:43:33.728537085+01,Trade,2009.8099,124
ABF.L,,Market Price,2023-07-03T14:44:18.558662342+01,Trade,2010,88
ABF.L,,Market Price,2023-07-03T14:51:17.829067266+01,Trade,2010,180
ABF.L,,Market Price,2023-07-03T14:51:17.829067266+01,Trade,2010,34
ABF.L,,Market Price,2023-07-03T14:51:35.863949164+01,Trade,2010.7398,1000
ABF.L,,Market Price,2023-07-03T14:53:12.308299336+01,Trade,2010,226
ABF.L,,Market Price,2023-07-03T14:53:12.308299336+01,Trade,2010,17
ABF.L,,Market Price,2023-07-03T14:53:12.308299336+01,Trade,2010,159
ABF.L,,Market Price,2023-07-03T14:53:12.308299336+01,Trade,2010,688
ABF.L,,Market Price,2023-07-03T14:53:18.208236480+01,Trade,2011,106
ABF.L,,Market Price,2023-07-03T14:53:18.208236480+01,Trade,2011,109
ABF.L,,Market Price,2023-07-03T14:53:18.208236480+01,Trade,2011,180
ABF.L,,Market Price,2023-07-03T14:53:18.208236480+01,Trade,2011,181
ABF.L,,Market Price,2023-07-03T14:53:18.208236480+01,Trade,2011,168
ABF.L,,Market Price,2023-07-03T14:53:18.208236480+01,Trade,2011,213
ABF.L,,Market Price,2023-07-03T14:53:18.208236480+01,Trade,2011,39
ABF.L,,Market Price,2023-07-03T14:53:18.208592583+01,Trade,2011,199
ABF.L,,Market Price,2023-07-03T14:53:18.363946100+01,Trade,2010,47
ABF.L,,Market Price,2023-07-03T14:53:21.529004792+01,Trade,2011,156
ABF.L,,Market Price,2023-07-03T14:53:25.663912077+01,Trade,2011,4
ABF.L,,Market Price,2023-07-03T14:53:25.663912077+01,Trade,2011,40
ABF.L,,Market Price,2023-07-03T14:53:25.663912077+01,Trade,2011,10
ABF.L,,Market Price,2023-07-03T14:53:26.058139411+01,Trade,2012,11
ABF.L,,Market Price,2023-07-03T14:53:55.028263772+01,Trade,2011,18
ABF.L,,Market Price,2023-07-03T14:53:55.028263772+01,Trade,2011,28
ABF.L,,Market Price,2023-07-03T14:53:55.028263772+01,Trade,2011,33
ABF.L,,Market Price,2023-07-03T14:53:55.028263772+01,Trade,2011,226
ABF.L,,Market Price,2023-07-03T14:53:55.028263772+01,Trade,2011,345
ABF.L,,Market Price,2023-07-03T14:54:30.783983529+01,Trade,2011,5
ABF.L,,Market Price,2023-07-03T14:54:45.343268904+01,Trade,2012,652
ABF.L,,Market Price,2023-07-03T14:54:45.343268904+01,Trade,2012,204
ABF.L,,Market Price,2023-07-03T14:54:45.343268904+01,Trade,2012,68
ABF.L,,Market Price,2023-07-03T14:54:45.343268904+01,Trade,2012,37
ABF.L,,Market Price,2023-07-03T14:54:45.343268904+01,Trade,2013,860
ABF.L,,Market Price,2023-07-03T14:54:45.343268904+01,Trade,2013,180
ABF.L,,Market Price,2023-07-03T14:54:45.344034311+01,Trade,2013,49
ABF.L,,Market Price,2023-07-03T14:54:45.344034311+01,Trade,2013,132
ABF.L,,Market Price,2023-07-03T14:54:45.344034311+01,Trade,2013,781
ABF.L,,Market Price,2023-07-03T14:54:45.344034311+01,Trade,2013,186
ABF.L,,Market Price,2023-07-03T14:54:50.463645600+01,Trade,2012,226
ABF.L,,Market Price,2023-07-03T14:54:50.463645600+01,Trade,2012,226
ABF.L,,Market Price,2023-07-03T14:54:50.463645600+01,Trade,2012,240
ABF.L,,Market Price,2023-07-03T14:54:50.463645600+01,Trade,2012,25
ABF.L,,Market Price,2023-07-03T14:55:53.598481802+01,Trade,20.1288,20
ABF.L,,Market Price,2023-07-03T14:55:59.943546677+01,Trade,2012.3006,79
ABF.L,,Market Price,2023-07-03T14:56:03.863240642+01,Trade,2012,1000
ABF.L,,Market Price,2023-07-03T14:56:03.863240642+01,Trade,2012,226
ABF.L,,Market Price,2023-07-03T14:56:03.863240642+01,Trade,2012,98
ABF.L,,Market Price,2023-07-03T14:56:03.863240642+01,Trade,2012,116
ABF.L,,Market Price,2023-07-03T14:56:03.863366150+01,Trade,2012,158
ABF.L,,Market Price,2023-07-03T14:56:41.533824127+01,Trade,2011.82,99
ABF.L,,Market Price,2023-07-03T15:00:44.359101396+01,Trade,2013,23
ABF.L,,Market Price,2023-07-03T15:02:26.634018310+01,Trade,2012,214
ABF.L,,Market Price,2023-07-03T15:02:33.268841158+01,Trade,2012,12
ABF.L,,Market Price,2023-07-03T15:02:33.273321972+01,Trade,2013,44
ABF.L,,Market Price,2023-07-03T15:02:33.273321972+01,Trade,2013,10
ABF.L,,Market Price,2023-07-03T15:02:33.273321972+01,Trade,2013,70
ABF.L,,Market Price,2023-07-03T15:02:33.273321972+01,Trade,2013,226
ABF.L,,Market Price,2023-07-03T15:02:33.273321972+01,Trade,2013,226
ABF.L,,Market Price,2023-07-03T15:02:33.273321972+01,Trade,2013,129
ABF.L,,Market Price,2023-07-03T15:02:33.273881876+01,Trade,2013,87
ABF.L,,Market Price,2023-07-03T15:02:33.273881876+01,Trade,2013,205
ABF.L,,Market Price,2023-07-03T15:02:45.033209547+01,Trade,2012,10
ABF.L,,Market Price,2023-07-03T15:02:45.038205886+01,Trade,2012,226
ABF.L,,Market Price,2023-07-03T15:02:55.051524531+01,Trade,2013,226
ABF.L,,Market Price,2023-07-03T15:02:55.051524531+01,Trade,2013,226
ABF.L,,Market Price,2023-07-03T15:02:55.051524531+01,Trade,2013,85
ABF.L,,Market Price,2023-07-03T15:02:55.051524531+01,Trade,2013,208
ABF.L,,Market Price,2023-07-03T15:02:55.051524531+01,Trade,2013,40
ABF.L,,Market Price,2023-07-03T15:02:55.051641774+01,Trade,2013,60
ABF.L,,Market Price,2023-07-03T15:02:55.051641774+01,Trade,2013,233
ABF.L,,Market Price,2023-07-03T15:02:55.051641774+01,Trade,2013,26
ABF.L,,Market Price,2023-07-03T15:03:02.428268801+01,Trade,2013,136
ABF.L,,Market Price,2023-07-03T15:03:02.428268801+01,Trade,2013,58
ABF.L,,Market Price,2023-07-03T15:03:02.428268801+01,Trade,2013,48
ABF.L,,Market Price,2023-07-03T15:03:02.428268801+01,Trade,2013,82
ABF.L,,Market Price,2023-07-03T15:03:02.428268801+01,Trade,2013,368
ABF.L,,Market Price,2023-07-03T15:04:01.553276488+01,Trade,2013,233
ABF.L,,Market Price,2023-07-03T15:04:01.553276488+01,Trade,2013,143
ABF.L,,Market Price,2023-07-03T15:04:01.553276488+01,Trade,2013,48
ABF.L,,Market Price,2023-07-03T15:04:57.083180990+01,Trade,2013,394
ABF.L,,Market Price,2023-07-03T15:04:57.083180990+01,Trade,2013,22
ABF.L,,Market Price,2023-07-03T15:04:57.083180990+01,Trade,2013,21
ABF.L,,Market Price,2023-07-03T15:05:56.553278048+01,Trade,2013,157
ABF.L,,Market Price,2023-07-03T15:05:56.553278048+01,Trade,2013,364
ABF.L,,Market Price,2023-07-03T15:05:56.553278048+01,Trade,2013,800
ABF.L,,Market Price,2023-07-03T15:05:56.553278048+01,Trade,2013,36
ABF.L,,Market Price,2023-07-03T15:05:56.553278048+01,Trade,2013,560
ABF.L,,Market Price,2023-07-03T15:05:56.603254390+01,Trade,2012,226
ABF.L,,Market Price,2023-07-03T15:05:56.603254390+01,Trade,2012,406
ABF.L,,Market Price,2023-07-03T15:05:56.663275245+01,Trade,2013,32
ABF.L,,Market Price,2023-07-03T15:05:56.663275245+01,Trade,2012,314
ABF.L,,Market Price,2023-07-03T15:05:56.663275245+01,Trade,2012,281
ABF.L,,Market Price,2023-07-03T15:05:56.663275245+01,Trade,2012,158
ABF.L,,Market Price,2023-07-03T15:05:56.663275245+01,Trade,2012,3
ABF.L,,Market Price,2023-07-03T15:05:56.663275245+01,Trade,2012,117
ABF.L,,Market Price,2023-07-03T15:05:59.203863490+01,Trade,2011,32
ABF.L,,Market Price,2023-07-03T15:05:59.203863490+01,Trade,2011,387
ABF.L,,Market Price,2023-07-03T15:06:45.773358376+01,Trade,2011,35
ABF.L,,Market Price,2023-07-03T15:06:45.773358376+01,Trade,2011,70
ABF.L,,Market Price,2023-07-03T15:06:49.468219645+01,Trade,2011,4
ABF.L,,Market Price,2023-07-03T15:06:49.468219645+01,Trade,2011,6
ABF.L,,Market Price,2023-07-03T15:06:49.468219645+01,Trade,2011,18
ABF.L,,Market Price,2023-07-03T15:10:03.213265855+01,Trade,2012,316
ABF.L,,Market Price,2023-07-03T15:10:03.213265855+01,Trade,2012,116
ABF.L,,Market Price,2023-07-03T15:10:03.213265855+01,Trade,2012,208
ABF.L,,Market Price,2023-07-03T15:13:31.643574383+01,Trade,2011,1
ABF.L,,Market Price,2023-07-03T15:14:52.158231326+01,Trade,2012,46
ABF.L,,Market Price,2023-07-03T15:16:04.833127955+01,Trade,20.1276,1
ABF.L,,Market Price,2023-07-03T15:17:02.903134055+01,Trade,2012.62,100
ABF.L,,Market Price,2023-07-03T15:17:08.643914735+01,Trade,2011,1
ABF.L,,Market Price,2023-07-03T15:19:13.953813053+01,Trade,2013,29
ABF.L,,Market Price,2023-07-03T15:19:13.953813053+01,Trade,2013,3
ABF.L,,Market Price,2023-07-03T15:19:13.953813053+01,Trade,2013,86
ABF.L,,Market Price,2023-07-03T15:19:13.953813053+01,Trade,2013,177
ABF.L,,Market Price,2023-07-03T15:23:24.118600494+01,Trade,2012,226
ABF.L,,Market Price,2023-07-03T15:23:27.193092871+01,Trade,2012,165
ABF.L,,Market Price,2023-07-03T15:26:31.923109010+01,Trade,2011,2
ABF.L,,Market Price,2023-07-03T15:28:12.648918471+01,Trade,2013,1
ABF.L,,Market Price,2023-07-03T15:29:30.353789191+01,Trade,2011,25
ABF.L,,Market Price,2023-07-03T15:30:05.638889379+01,Trade,2012.5,125
ABF.L,,Market Price,2023-07-03T15:30:11.633576919+01,Trade,2012.5,125
ABF.L,,Market Price,2023-07-03T15:30:22.504019816+01,Trade,2013,98
ABF.L,,Market Price,2023-07-03T15:30:22.504019816+01,Trade,2013,90
ABF.L,,Market Price,2023-07-03T15:30:22.504019816+01,Trade,2013,188
ABF.L,,Market Price,2023-07-03T15:30:22.504019816+01,Trade,2013,38
ABF.L,,Market Price,2023-07-03T15:31:15.543157138+01,Trade,2013,24
ABF.L,,Market Price,2023-07-03T15:31:17.113224849+01,Trade,2013,143
ABF.L,,Market Price,2023-07-03T15:31:17.113224849+01,Trade,2013,250
ABF.L,,Market Price,2023-07-03T15:31:17.113224849+01,Trade,2013,16
ABF.L,,Market Price,2023-07-03T15:31:17.113224849+01,Trade,2013,179
ABF.L,,Market Price,2023-07-03T15:31:17.118184488+01,Trade,2013,367
ABF.L,,Market Price,2023-07-03T15:31:17.118184488+01,Trade,2013,14
ABF.L,,Market Price,2023-07-03T15:31:17.118184488+01,Trade,2013,36
ABF.L,,Market Price,2023-07-03T15:31:17.118184488+01,Trade,2013,40
ABF.L,,Market Price,2023-07-03T15:31:58.438757364+01,Trade,2014,106
ABF.L,,Market Price,2023-07-03T15:32:00.058687243+01,Trade,2014,93
ABF.L,,Market Price,2023-07-03T15:32:00.058687243+01,Trade,2014,141
ABF.L,,Market Price,2023-07-03T15:32:54.498766188+01,Trade,2013,50
ABF.L,,Market Price,2023-07-03T15:34:32.583985437+01,Trade,2013.6002,688
ABF.L,,Market Price,2023-07-03T15:35:14.323835494+01,Trade,2014,36
ABF.L,,Market Price,2023-07-03T15:35:14.323835494+01,Trade,2014,4
ABF.L,,Market Price,2023-07-03T15:35:14.373602426+01,Trade,2014,144
ABF.L,,Market Price,2023-07-03T15:35:14.373602426+01,Trade,2014,546
ABF.L,,Market Price,2023-07-03T15:35:14.373602426+01,Trade,2014,273
ABF.L,,Market Price,2023-07-03T15:36:00.723158419+01,Trade,2013,351
ABF.L,,Market Price,2023-07-03T15:36:00.723158419+01,Trade,2013,136
ABF.L,,Market Price,2023-07-03T15:36:00.723158419+01,Trade,2013,531
ABF.L,,Market Price,2023-07-03T15:36:00.723158419+01,Trade,2013,431
ABF.L,,Market Price,2023-07-03T15:36:00.723231840+01,Trade,2013,43
ABF.L,,Market Price,2023-07-03T15:36:00.723231840+01,Trade,2013,1047
ABF.L,,Market Price,2023-07-03T15:36:00.728245128+01,Trade,2013,159
ABF.L,,Market Price,2023-07-03T15:36:00.728245128+01,Trade,2013,145
ABF.L,,Market Price,2023-07-03T15:36:00.728245128+01,Trade,2013,75
ABF.L,,Market Price,2023-07-03T15:36:05.193273102+01,Trade,2014,76
ABF.L,,Market Price,2023-07-03T15:36:05.193273102+01,Trade,2014,212
ABF.L,,Market Price,2023-07-03T15:36:05.193273102+01,Trade,2014,156
ABF.L,,Market Price,2023-07-03T15:36:05.193561731+01,Trade,2014,284
ABF.L,,Market Price,2023-07-03T15:36:05.193561731+01,Trade,2014,283
ABF.L,,Market Price,2023-07-03T15:36:05.193561731+01,Trade,2014,160
ABF.L,,Market Price,2023-07-03T15:36:20.688535853+01,Trade,2013,283
ABF.L,,Market Price,2023-07-03T15:36:20.688535853+01,Trade,2013,860
ABF.L,,Market Price,2023-07-03T15:37:23.643293415+01,Trade,2014,31
ABF.L,,Market Price,2023-07-03T15:37:23.643293415+01,Trade,2014,189
ABF.L,,Market Price,2023-07-03T15:37:23.643293415+01,Trade,2014,216
ABF.L,,Market Price,2023-07-03T15:37:23.643293415+01,Trade,2014,54
ABF.L,,Market Price,2023-07-03T15:37:23.643381537+01,Trade,2014,247
ABF.L,,Market Price,2023-07-03T15:37:23.643381537+01,Trade,2014,33
ABF.L,,Market Price,2023-07-03T15:37:23.643381537+01,Trade,2014,511
ABF.L,,Market Price,2023-07-03T15:38:00.933171389+01,Trade,2014,212
ABF.L,,Market Price,2023-07-03T15:38:00.933171389+01,Trade,2014,304
ABF.L,,Market Price,2023-07-03T15:38:00.933171389+01,Trade,2014,50
ABF.L,,Market Price,2023-07-03T15:38:01.938102517+01,Trade,2014,160
ABF.L,,Market Price,2023-07-03T15:38:01.938102517+01,Trade,2014,1033
ABF.L,,Market Price,2023-07-03T15:39:16.793212325+01,Trade,2014,11
ABF.L,,Market Price,2023-07-03T15:39:16.793212325+01,Trade,2014,16
ABF.L,,Market Price,2023-07-03T15:39:16.793212325+01,Trade,2014,69
ABF.L,,Market Price,2023-07-03T15:39:17.373845440+01,Trade,2014,139
ABF.L,,Market Price,2023-07-03T15:42:15.143125408+01,Trade,2015,753
ABF.L,,Market Price,2023-07-03T15:42:15.143125408+01,Trade,2015,253
ABF.L,,Market Price,2023-07-03T15:42:15.143125408+01,Trade,2015,96
ABF.L,,Market Price,2023-07-03T15:42:15.143125408+01,Trade,2015,245
ABF.L,,Market Price,2023-07-03T15:42:15.143125408+01,Trade,2015,30
ABF.L,,Market Price,2023-07-03T15:42:15.768656470+01,Trade,20.15,103
ABF.L,,Market Price,2023-07-03T15:42:50.778074130+01,Trade,2015.8,125
ABF.L,,Market Price,2023-07-03T15:43:37.513785298+01,Trade,2016,222
ABF.L,,Market Price,2023-07-03T15:46:40.688597430+01,Trade,2016,228
ABF.L,,Market Price,2023-07-03T15:46:40.688597430+01,Trade,2016,34
ABF.L,,Market Price,2023-07-03T15:46:51.648531129+01,Trade,2017,917
ABF.L,,Market Price,2023-07-03T15:46:51.648531129+01,Trade,2017,1074
ABF.L,,Market Price,2023-07-03T15:46:51.858654308+01,Trade,2017,148
ABF.L,,Market Price,2023-07-03T15:47:32.353777878+01,Trade,2017,117
ABF.L,,Market Price,2023-07-03T15:47:32.473316176+01,Trade,2017,2
ABF.L,,Market Price,2023-07-03T15:47:32.473316176+01,Trade,2017,35
ABF.L,,Market Price,2023-07-03T15:47:34.693645748+01,Trade,20.1276,1
ABF.L,,Market Price,2023-07-03T15:48:11.003174071+01,Trade,2017,806
ABF.L,,Market Price,2023-07-03T15:48:11.003174071+01,Trade,2017,1824
ABF.L,,Market Price,2023-07-03T15:48:11.003174071+01,Trade,2017,213
ABF.L,,Market Price,2023-07-03T15:48:11.003174071+01,Trade,2017,21
ABF.L,,Market Price,2023-07-03T15:48:11.883309253+01,Trade,2016,1860
ABF.L,,Market Price,2023-07-03T15:48:11.883309253+01,Trade,2016,91
ABF.L,,Market Price,2023-07-03T15:48:11.888238774+01,Trade,2016,79
ABF.L,,Market Price,2023-07-03T15:48:13.598727280+01,Trade,2015,22
ABF.L,,Market Price,2023-07-03T15:48:18.858631586+01,Trade,2016,56
ABF.L,,Market Price,2023-07-03T15:49:41.448070804+01,Trade,2015.3,170
ABF.L,,Market Price,2023-07-03T15:51:04.073352046+01,Trade,2016,68
ABF.L,,Market Price,2023-07-03T15:51:04.078136117+01,Trade,2016,49
ABF.L,,Market Price,2023-07-03T15:51:04.078136117+01,Trade,2016,354
ABF.L,,Market Price,2023-07-03T15:51:04.078136117+01,Trade,2016,267
ABF.L,,Market Price,2023-07-03T15:51:24.023196426+01,Trade,2015,210
ABF.L,,Market Price,2023-07-03T15:51:24.023196426+01,Trade,2015,400
ABF.L,,Market Price,2023-07-03T15:51:24.023196426+01,Trade,2015,350
ABF.L,,Market Price,2023-07-03T15:51:24.023196426+01,Trade,2015,45
ABF.L,,Market Price,2023-07-03T15:51:24.023196426+01,Trade,2015,236
ABF.L,,Market Price,2023-07-03T15:51:24.023324843+01,Trade,2015,169
ABF.L,,Market Price,2023-07-03T15:51:24.023324843+01,Trade,2015,117
ABF.L,,Market Price,2023-07-03T15:51:24.023324843+01,Trade,2015,283
ABF.L,,Market Price,2023-07-03T15:51:24.023324843+01,Trade,2015,171
ABF.L,,Market Price,2023-07-03T15:51:24.023324843+01,Trade,2015,467
ABF.L,,Market Price,2023-07-03T15:51:24.023324843+01,Trade,2015,205
ABF.L,,Market Price,2023-07-03T15:51:24.088251413+01,Trade,2014,283
ABF.L,,Market Price,2023-07-03T15:51:24.088251413+01,Trade,2014,284
ABF.L,,Market Price,2023-07-03T15:51:24.088251413+01,Trade,2014,212
ABF.L,,Market Price,2023-07-03T15:51:24.088251413+01,Trade,2014,176
ABF.L,,Market Price,2023-07-03T15:51:24.088251413+01,Trade,2014,1143
ABF.L,,Market Price,2023-07-03T15:51:24.088532015+01,Trade,2014,601
ABF.L,,Market Price,2023-07-03T15:51:24.443210962+01,Trade,2013,284
ABF.L,,Market Price,2023-07-03T15:51:24.443210962+01,Trade,2013,283
ABF.L,,Market Price,2023-07-03T15:51:24.443210962+01,Trade,2013,197
ABF.L,,Market Price,2023-07-03T15:51:24.443210962+01,Trade,2013,166
ABF.L,,Market Price,2023-07-03T15:51:24.443210962+01,Trade,2013,56
ABF.L,,Market Price,2023-07-03T15:51:24.508704047+01,Trade,2013,100
ABF.L,,Market Price,2023-07-03T15:51:24.513618287+01,Trade,2013,45
ABF.L,,Market Price,2023-07-03T15:51:26.218178737+01,Trade,2013,78
ABF.L,,Market Price,2023-07-03T15:51:28.793814374+01,Trade,2013,49
ABF.L,,Market Price,2023-07-03T15:51:28.793814374+01,Trade,2013,355
ABF.L,,Market Price,2023-07-03T15:51:28.793814374+01,Trade,2013,368
ABF.L,,Market Price,2023-07-03T15:51:30.918577871+01,Trade,2013,142
ABF.L,,Market Price,2023-07-03T15:51:30.918577871+01,Trade,2013,26
ABF.L,,Market Price,2023-07-03T15:51:48.343103509+01,Trade,2013,284
ABF.L,,Market Price,2023-07-03T15:51:48.343103509+01,Trade,2013,214
ABF.L,,Market Price,2023-07-03T15:51:48.343103509+01,Trade,2013,48
ABF.L,,Market Price,2023-07-03T15:51:48.348031200+01,Trade,2013,160
ABF.L,,Market Price,2023-07-03T15:51:48.348031200+01,Trade,2013,70
ABF.L,,Market Price,2023-07-03T15:51:49.863382037+01,Trade,2013,86
ABF.L,,Market Price,2023-07-03T15:51:49.863382037+01,Trade,2013,110
ABF.L,,Market Price,2023-07-03T15:51:49.948027631+01,Trade,2013,62
ABF.L,,Market Price,2023-07-03T15:52:02.938977565+01,Trade,2013,2
ABF.L,,Market Price,2023-07-03T15:52:02.938977565+01,Trade,2013,91
ABF.L,,Market Price,2023-07-03T15:52:02.938977565+01,Trade,2013,185
ABF.L,,Market Price,2023-07-03T15:52:02.938977565+01,Trade,2013,49
ABF.L,,Market Price,2023-07-03T15:52:02.943972474+01,Trade,2013,260
ABF.L,,Market Price,2023-07-03T15:53:25.373152879+01,Trade,2013.7394,93
ABF.L,,Market Price,2023-07-03T15:53:34.013186568+01,Trade,2014,16
ABF.L,,Market Price,2023-07-03T15:53:34.013186568+01,Trade,2014,49
ABF.L,,Market Price,2023-07-03T15:53:34.013186568+01,Trade,2014,228
ABF.L,,Market Price,2023-07-03T15:56:02.763043686+01,Trade,2015,100
ABF.L,,Market Price,2023-07-03T15:56:02.763043686+01,Trade,2015,99
ABF.L,,Market Price,2023-07-03T15:56:02.768284306+01,Trade,2015,1120
ABF.L,,Market Price,2023-07-03T15:56:02.768284306+01,Trade,2015,256
ABF.L,,Market Price,2023-07-03T15:56:14.473741576+01,Trade,2015,129
ABF.L,,Market Price,2023-07-03T15:58:10.913565884+01,Trade,2015,354
ABF.L,,Market Price,2023-07-03T15:58:10.918123302+01,Trade,2015,355
ABF.L,,Market Price,2023-07-03T15:58:10.918123302+01,Trade,2015,1056
ABF.L,,Market Price,2023-07-03T15:58:10.918123302+01,Trade,2015,214
ABF.L,,Market Price,2023-07-03T15:58:10.918123302+01,Trade,2015,29
ABF.L,,Market Price,2023-07-03T15:58:10.918123302+01,Trade,2015,318
ABF.L,,Market Price,2023-07-03T15:58:10.918123302+01,Trade,2015,377
ABF.L,,Market Price,2023-07-03T15:58:10.918479487+01,Trade,2015,202
ABF.L,,Market Price,2023-07-03T15:58:14.363399694+01,Trade,2015,39
ABF.L,,Market Price,2023-07-03T15:58:14.363399694+01,Trade,2015,8
ABF.L,,Market Price,2023-07-03T15:58:14.368338956+01,Trade,2015,200
ABF.L,,Market Price,2023-07-03T15:59:29.343185188+01,Trade,2015,230
ABF.L,,Market Price,2023-07-03T15:59:29.343185188+01,Trade,2015,336
ABF.L,,Market Price,2023-07-03T15:59:47.178961872+01,Trade,2015,162
ABF.L,,Market Price,2023-07-03T16:00:03.148285845+01,Trade,2015,9
ABF.L,,Market Price,2023-07-03T16:00:03.148285845+01,Trade,2015,95
ABF.L,,Market Price,2023-07-03T16:00:03.148285845+01,Trade,2015,20
ABF.L,,Market Price,2023-07-03T16:00:03.153739525+01,Trade,2015,2
ABF.L,,Market Price,2023-07-03T16:00:11.308198497+01,Trade,2015,424
ABF.L,,Market Price,2023-07-03T16:00:11.308198497+01,Trade,2015,304
ABF.L,,Market Price,2023-07-03T16:02:12.783129092+01,Trade,2016,247
ABF.L,,Market Price,2023-07-03T16:02:12.783129092+01,Trade,2016,686
ABF.L,,Market Price,2023-07-03T16:02:12.783129092+01,Trade,2016,514
ABF.L,,Market Price,2023-07-03T16:02:12.783129092+01,Trade,2016,400
ABF.L,,Market Price,2023-07-03T16:02:12.783129092+01,Trade,2016,260
ABF.L,,Market Price,2023-07-03T16:02:12.783129092+01,Trade,2016,140
ABF.L,,Market Price,2023-07-03T16:02:12.783129092+01,Trade,2016,23
ABF.L,,Market Price,2023-07-03T16:02:12.783770250+01,Trade,2016,27
ABF.L,,Market Price,2023-07-03T16:02:32.333844256+01,Trade,2016.79,125
ABF.L,,Market Price,2023-07-03T16:02:36.903793339+01,Trade,2017,266
ABF.L,,Market Price,2023-07-03T16:02:36.903793339+01,Trade,2017,212
ABF.L,,Market Price,2023-07-03T16:03:16.538789935+01,Trade,2017.1306,1000
ABF.L,,Market Price,2023-07-03T16:03:22.373240459+01,Trade,2017,270
ABF.L,,Market Price,2023-07-03T16:03:22.373240459+01,Trade,2017,463
ABF.L,,Market Price,2023-07-03T16:03:22.373240459+01,Trade,2017,1287
ABF.L,,Market Price,2023-07-03T16:03:22.378159904+01,Trade,2017,320
ABF.L,,Market Price,2023-07-03T16:03:22.378159904+01,Trade,2017,38
ABF.L,,Market Price,2023-07-03T16:03:24.388077536+01,Trade,2016,1050
ABF.L,,Market Price,2023-07-03T16:03:24.388077536+01,Trade,2016,288
ABF.L,,Market Price,2023-07-03T16:03:24.388077536+01,Trade,2016,210
ABF.L,,Market Price,2023-07-03T16:03:24.388077536+01,Trade,2016,170
ABF.L,,Market Price,2023-07-03T16:03:27.388319157+01,Trade,2015,355
ABF.L,,Market Price,2023-07-03T16:03:27.388319157+01,Trade,2015,170
ABF.L,,Market Price,2023-07-03T16:03:27.388319157+01,Trade,2015,354
ABF.L,,Market Price,2023-07-03T16:03:27.388319157+01,Trade,2015,294
ABF.L,,Market Price,2023-07-03T16:03:28.368849560+01,Trade,2016,76
ABF.L,,Market Price,2023-07-03T16:03:50.438960460+01,Trade,2016,72
ABF.L,,Market Price,2023-07-03T16:04:02.983939577+01,Trade,2017,169
ABF.L,,Market Price,2023-07-03T16:05:02.953680989+01,Trade,2017,146
ABF.L,,Market Price,2023-07-03T16:05:07.848125670+01,Trade,2016.31,51
ABF.L,,Market Price,2023-07-03T16:07:38.023933696+01,Trade,2017,188
ABF.L,,Market Price,2023-07-03T16:07:38.028829480+01,Trade,2017,154
ABF.L,,Market Price,2023-07-03T16:07:38.028829480+01,Trade,2017,30
ABF.L,,Market Price,2023-07-03T16:07:38.028829480+01,Trade,2017,236
ABF.L,,Market Price,2023-07-03T16:07:38.028829480+01,Trade,2017,231
ABF.L,,Market Price,2023-07-03T16:07:40.043258035+01,Trade,2016,330
ABF.L,,Market Price,2023-07-03T16:07:40.043258035+01,Trade,2016,355
ABF.L,,Market Price,2023-07-03T16:07:40.043258035+01,Trade,2016,1215
ABF.L,,Market Price,2023-07-03T16:07:40.043258035+01,Trade,2016,209
ABF.L,,Market Price,2023-07-03T16:07:40.043258035+01,Trade,2016,354
ABF.L,,Market Price,2023-07-03T16:07:40.043258035+01,Trade,2016,170
ABF.L,,Market Price,2023-07-03T16:07:40.043258035+01,Trade,2016,131
ABF.L,,Market Price,2023-07-03T16:07:40.044037456+01,Trade,2016,60
ABF.L,,Market Price,2023-07-03T16:07:40.044037456+01,Trade,2016,164
ABF.L,,Market Price,2023-07-03T16:07:42.073097290+01,Trade,2017,55
ABF.L,,Market Price,2023-07-03T16:08:08.048045668+01,Trade,2016,166
ABF.L,,Market Price,2023-07-03T16:08:10.093257864+01,Trade,2016,55
ABF.L,,Market Price,2023-07-03T16:08:14.903042834+01,Trade,20.1612,743
ABF.L,,Market Price,2023-07-03T16:08:34.143510913+01,Trade,2016,443
ABF.L,,Market Price,2023-07-03T16:08:34.143510913+01,Trade,2016,45
ABF.L,,Market Price,2023-07-03T16:08:34.148549017+01,Trade,2016,81
ABF.L,,Market Price,2023-07-03T16:08:34.148549017+01,Trade,2016,144
ABF.L,,Market Price,2023-07-03T16:08:34.148549017+01,Trade,2016,137
ABF.L,,Market Price,2023-07-03T16:08:35.213802461+01,Trade,2016,328
ABF.L,,Market Price,2023-07-03T16:09:05.128489427+01,Trade,2016.8,7
ABF.L,,Market Price,2023-07-03T16:09:08.173176304+01,Trade,2016,23
ABF.L,,Market Price,2023-07-03T16:09:08.173176304+01,Trade,2016,19
ABF.L,,Market Price,2023-07-03T16:09:08.173176304+01,Trade,2016,355
ABF.L,,Market Price,2023-07-03T16:09:08.173176304+01,Trade,2016,354
ABF.L,,Market Price,2023-07-03T16:09:08.173228385+01,Trade,2016,569
ABF.L,,Market Price,2023-07-03T16:09:08.173228385+01,Trade,2016,153
ABF.L,,Market Price,2023-07-03T16:09:12.103856960+01,Trade,2015,451
ABF.L,,Market Price,2023-07-03T16:09:12.103856960+01,Trade,2015,49
ABF.L,,Market Price,2023-07-03T16:09:12.103856960+01,Trade,2015,193
ABF.L,,Market Price,2023-07-03T16:09:12.108187305+01,Trade,2015,60
ABF.L,,Market Price,2023-07-03T16:09:12.108187305+01,Trade,2015,355
ABF.L,,Market Price,2023-07-03T16:09:12.108187305+01,Trade,2015,213
ABF.L,,Market Price,2023-07-03T16:09:12.108187305+01,Trade,2015,370
ABF.L,,Market Price,2023-07-03T16:09:12.108187305+01,Trade,2015,207
ABF.L,,Market Price,2023-07-03T16:09:12.108883469+01,Trade,2015,170
ABF.L,,Market Price,2023-07-03T16:09:12.108883469+01,Trade,2015,568
ABF.L,,Market Price,2023-07-03T16:09:12.108883469+01,Trade,2015,312
ABF.L,,Market Price,2023-07-03T16:09:37.358974916+01,Trade,2016,24
ABF.L,,Market Price,2023-07-03T16:09:51.108609052+01,Trade,2015,73
ABF.L,,Market Price,2023-07-03T16:09:51.113658199+01,Trade,2015,351
ABF.L,,Market Price,2023-07-03T16:10:11.108815263+01,Trade,2015,10
ABF.L,,Market Price,2023-07-03T16:10:11.108815263+01,Trade,2015,112
ABF.L,,Market Price,2023-07-03T16:10:11.108815263+01,Trade,2015,302
ABF.L,,Market Price,2023-07-03T16:11:05.883418448+01,Trade,2015,364
ABF.L,,Market Price,2023-07-03T16:11:05.883418448+01,Trade,2015,92
ABF.L,,Market Price,2023-07-03T16:11:31.528775209+01,Trade,2015,389
ABF.L,,Market Price,2023-07-03T16:11:31.533147562+01,Trade,2015,34
ABF.L,,Market Price,2023-07-03T16:11:31.533147562+01,Trade,2015,106
ABF.L,,Market Price,2023-07-03T16:11:31.533147562+01,Trade,2015,200
ABF.L,,Market Price,2023-07-03T16:11:31.533147562+01,Trade,2015,190
ABF.L,,Market Price,2023-07-03T16:11:42.108347128+01,Trade,2014,460
ABF.L,,Market Price,2023-07-03T16:11:42.108347128+01,Trade,2014,79
ABF.L,,Market Price,2023-07-03T16:11:42.108347128+01,Trade,2014,153
ABF.L,,Market Price,2023-07-03T16:11:42.173077197+01,Trade,2014,14
ABF.L,,Market Price,2023-07-03T16:11:42.173077197+01,Trade,2014,96
ABF.L,,Market Price,2023-07-03T16:11:42.173077197+01,Trade,2014,708
ABF.L,,Market Price,2023-07-03T16:11:43.273257290+01,Trade,2015,70
ABF.L,,Market Price,2023-07-03T16:11:43.273257290+01,Trade,2015,285
ABF.L,,Market Price,2023-07-03T16:11:43.273257290+01,Trade,2015,9
ABF.L,,Market Price,2023-07-03T16:12:03.383950573+01,Trade,2015,82
ABF.L,,Market Price,2023-07-03T16:13:07.113217083+01,Trade,2014,355
ABF.L,,Market Price,2023-07-03T16:13:07.113217083+01,Trade,2014,354
ABF.L,,Market Price,2023-07-03T16:13:07.113217083+01,Trade,2014,136
ABF.L,,Market Price,2023-07-03T16:13:22.288543150+01,Trade,2014,73
ABF.L,,Market Price,2023-07-03T16:13:22.288543150+01,Trade,2014,210
ABF.L,,Market Price,2023-07-03T16:14:03.563380574+01,Trade,2014,74
ABF.L,,Market Price,2023-07-03T16:14:05.218241954+01,Trade,2014,64
ABF.L,,Market Price,2023-07-03T16:14:05.218241954+01,Trade,2014,215
ABF.L,,Market Price,2023-07-03T16:14:05.218241954+01,Trade,2014,100
ABF.L,,Market Price,2023-07-03T16:14:05.218241954+01,Trade,2014,101
ABF.L,,Market Price,2023-07-03T16:14:15.118599081+01,Trade,2015,46
ABF.L,,Market Price,2023-07-03T16:14:15.118599081+01,Trade,2015,69
ABF.L,,Market Price,2023-07-03T16:20:11.058995471+01,Trade,2013,118
ABF.L,,Market Price,2023-07-03T16:20:11.058995471+01,Trade,2013,78
ABF.L,,Market Price,2023-07-03T16:20:35.493808300+01,Trade,2013,163
ABF.L,,Market Price,2023-07-03T16:20:35.498379404+01,Trade,2013,215
ABF.L,,Market Price,2023-07-03T16:20:38.003775945+01,Trade,2012,226
ABF.L,,Market Price,2023-07-03T16:20:38.003775945+01,Trade,2012,29
ABF.L,,Market Price,2023-07-03T16:20:38.003775945+01,Trade,2012,197
ABF.L,,Market Price,2023-07-03T16:20:48.733634088+01,Trade,2011.64,150
ABF.L,,Market Price,2023-07-03T16:20:56.688774554+01,Trade,2011,30
ABF.L,,Market Price,2023-07-03T16:21:40.968168659+01,Trade,2012,149
ABF.L,,Market Price,2023-07-03T16:21:40.968168659+01,Trade,2012,265
ABF.L,,Market Price,2023-07-03T16:21:40.968168659+01,Trade,2012,266
ABF.L,,Market Price,2023-07-03T16:22:46.733611879+01,Trade,2012,187
ABF.L,,Market Price,2023-07-03T16:23:20.678623165+01,Trade,2012,216
ABF.L,,Market Price,2023-07-03T16:23:21.043979890+01,Trade,2011,226
ABF.L,,Market Price,2023-07-03T16:23:21.043979890+01,Trade,2011,286
ABF.L,,Market Price,2023-07-03T16:23:21.043979890+01,Trade,2011,206
ABF.L,,Market Price,2023-07-03T16:23:21.053931606+01,Trade,2012,193
ABF.L,,Market Price,2023-07-03T16:23:21.053931606+01,Trade,2012,266
ABF.L,,Market Price,2023-07-03T16:23:21.058980992+01,Trade,2012,170
ABF.L,,Market Price,2023-07-03T16:23:21.058980992+01,Trade,2012,272
ABF.L,,Market Price,2023-07-03T16:24:22.273238906+01,Trade,2012,265
ABF.L,,Market Price,2023-07-03T16:24:22.273238906+01,Trade,2012,266
ABF.L,,Market Price,2023-07-03T16:24:22.273238906+01,Trade,2012,151
ABF.L,,Market Price,2023-07-03T16:24:22.273238906+01,Trade,2012,226
ABF.L,,Market Price,2023-07-03T16:24:22.943145669+01,Trade,2011,60
ABF.L,,Market Price,2023-07-03T16:24:22.943145669+01,Trade,2011,42
ABF.L,,Market Price,2023-07-03T16:24:22.943145669+01,Trade,2011,148
ABF.L,,Market Price,2023-07-03T16:24:22.943145669+01,Trade,2011,52
ABF.L,,Market Price,2023-07-03T16:24:22.943145669+01,Trade,2011,265
ABF.L,,Market Price,2023-07-03T16:24:22.943145669+01,Trade,2011,147
ABF.L,,Market Price,2023-07-03T16:24:22.943246152+01,Trade,2012,32
ABF.L,,Market Price,2023-07-03T16:24:22.943246152+01,Trade,2012,28
ABF.L,,Market Price,2023-07-03T16:24:22.943246152+01,Trade,2012,205
ABF.L,,Market Price,2023-07-03T16:24:22.943246152+01,Trade,2012,141
ABF.L,,Market Price,2023-07-03T16:24:23.903094422+01,Trade,2012,58
ABF.L,,Market Price,2023-07-03T16:24:24.263493254+01,Trade,2012,42
ABF.L,,Market Price,2023-07-03T16:25:38.973456412+01,Trade,20.13,101
ABF.L,,Market Price,2023-07-03T16:25:41.944414806+01,Trade,2012,266
ABF.L,,Market Price,2023-07-03T16:25:41.944414806+01,Trade,2012,265
ABF.L,,Market Price,2023-07-03T16:25:41.944414806+01,Trade,2012,411
ABF.L,,Market Price,2023-07-03T16:25:41.944414806+01,Trade,2012,15
ABF.L,,Market Price,2023-07-03T16:26:22.058322768+01,Trade,2012,53
ABF.L,,Market Price,2023-07-03T16:26:41.943121085+01,Trade,2012,119
ABF.L,,Market Price,2023-07-03T16:26:41.943121085+01,Trade,2012,266
ABF.L,,Market Price,2023-07-03T16:26:52.043150358+01,Trade,2011,416
ABF.L,,Market Price,2023-07-03T16:26:52.043150358+01,Trade,2011,265
ABF.L,,Market Price,2023-07-03T16:26:52.043150358+01,Trade,2011,266
ABF.L,,Market Price,2023-07-03T16:26:52.043150358+01,Trade,2011,277
ABF.L,,Market Price,2023-07-03T16:26:52.043150358+01,Trade,2011,546
ABF.L,,Market Price,2023-07-03T16:26:52.043150358+01,Trade,2011,225
ABF.L,,Market Price,2023-07-03T16:26:52.043150358+01,Trade,2011,170
ABF.L,,Market Price,2023-07-03T16:26:52.043150358+01,Trade,2011,170
ABF.L,,Market Price,2023-07-03T16:26:52.943780134+01,Trade,2011,60
ABF.L,,Market Price,2023-07-03T16:26:52.943780134+01,Trade,2011,266
ABF.L,,Market Price,2023-07-03T16:26:52.943780134+01,Trade,2011,143
ABF.L,,Market Price,2023-07-03T16:26:57.763165091+01,Trade,2011,148
ABF.L,,Market Price,2023-07-03T16:26:57.763165091+01,Trade,2011,365
ABF.L,,Market Price,2023-07-03T16:26:57.763165091+01,Trade,2011,277
ABF.L,,Market Price,2023-07-03T16:26:57.763165091+01,Trade,2010,213
ABF.L,,Market Price,2023-07-03T16:26:57.763563944+01,Trade,2010,293
ABF.L,,Market Price,2023-07-03T16:26:57.768104480+01,Trade,2010,1458
ABF.L,,Market Price,2023-07-03T16:26:57.768104480+01,Trade,2010,1503
ABF.L,,Market Price,2023-07-03T16:26:57.768104480+01,Trade,2011,13
ABF.L,,Market Price,2023-07-03T16:26:57.768104480+01,Trade,2011,175
ABF.L,,Market Price,2023-07-03T16:26:57.768104480+01,Trade,2011,158
ABF.L,,Market Price,2023-07-03T16:26:57.768619047+01,Trade,2011,54
ABF.L,,Market Price,2023-07-03T16:26:57.768619047+01,Trade,2011,173
ABF.L,,Market Price,2023-07-03T16:26:57.988185612+01,Trade,2011,266
ABF.L,,Market Price,2023-07-03T16:26:57.988185612+01,Trade,2011,143
ABF.L,,Market Price,2023-07-03T16:26:57.988185612+01,Trade,2011,52
ABF.L,,Market Price,2023-07-03T16:26:57.988185612+01,Trade,2011,365
ABF.L,,Market Price,2023-07-03T16:26:57.988185612+01,Trade,2011,149
ABF.L,,Market Price,2023-07-03T16:26:57.988185612+01,Trade,2011,278
ABF.L,,Market Price,2023-07-03T16:26:57.988637892+01,Trade,2011,265
ABF.L,,Market Price,2023-07-03T16:27:21.623230118+01,Trade,2012,265
ABF.L,,Market Price,2023-07-03T16:27:21.623230118+01,Trade,2012,170
ABF.L,,Market Price,2023-07-03T16:27:21.623230118+01,Trade,2012,126
ABF.L,,Market Price,2023-07-03T16:27:21.623230118+01,Trade,2012,30
ABF.L,,Market Price,2023-07-03T16:27:21.623230118+01,Trade,2012,148
ABF.L,,Market Price,2023-07-03T16:27:21.653703496+01,Trade,2011,265
ABF.L,,Market Price,2023-07-03T16:27:21.653703496+01,Trade,2011,337
ABF.L,,Market Price,2023-07-03T16:28:00.153689916+01,Trade,2011,52
ABF.L,,Market Price,2023-07-03T16:28:00.158772146+01,Trade,2011,266
ABF.L,,Market Price,2023-07-03T16:28:00.158772146+01,Trade,2011,150
ABF.L,,Market Price,2023-07-03T16:28:11.693019304+01,Trade,2011,87
ABF.L,,Market Price,2023-07-03T16:28:17.634048350+01,Trade,2012,32
ABF.L,,Market Price,2023-07-03T16:28:18.908343543+01,Trade,2010,0
ABF.L,,Market Price,2023-07-03T16:28:29.853346334+01,Trade,2011,100
ABF.L,,Market Price,2023-07-03T16:28:29.868380746+01,Trade,2011,38
ABF.L,,Market Price,2023-07-03T16:29:04.708349203+01,Trade,2011,200
ABF.L,,Market Price,2023-07-03T16:29:44.053254788+01,Trade,2012,191
ABF.L,,Market Price,2023-07-03T16:29:44.053254788+01,Trade,2012,223
ABF.L,,Market Price,2023-07-03T16:29:44.053254788+01,Trade,2012,113
ABF.L,,Market Price,2023-07-03T16:29:44.053254788+01,Trade,2012,274
ABF.L,,Market Price,2023-07-03T16:29:44.053254788+01,Trade,2012,211
ABF.L,,Market Price,2023-07-03T16:29:55.098092534+01,Trade,2010,60
ABF.L,,Market Price,2023-07-03T16:29:55.103220450+01,Trade,2010,217
ABF.L,,Market Price,2023-07-03T16:29:55.103220450+01,Trade,2010,113
ABF.L,,Market Price,2023-07-03T16:35:06.248157764+01,Trade,2018,519688
ABF.L,,Market Price,2023-07-03T16:45:17.058682511+01,Trade,2011,24
ABF.L,,Market Price,2023-07-03T16:45:17.058682511+01,Trade,2011,24
ABF.L,,Market Price,2023-07-03T17:22:39.388808601+01,Trade,2011.33877,707
ABF.L,,Market Price,2023-07-03T17:22:43.388208874+01,Trade,2004.3433,599
ABF.L,,Market Price,2023-07-03T17:22:43.388208874+01,Trade,2013.7038,68
ABF.L,,Market Price,2023-07-03T17:22:43.388208874+01,Trade,2013.7271,194
ABF.L,,Market Price,2023-07-03T17:25:24.093760859+01,Trade,20.18,1392
ABF.L,,Market Price,2023-07-03T17:27:17.498864397+01,Trade,20.07828,1505
ABF.L,,Market Price,2023-07-03T17:27:17.503787589+01,Trade,20.18,2993
ABF.L,,Market Price,2023-07-03T17:27:25.603278673+01,Trade,20.05595,128979
ABF.L,,Market Price,2023-07-03T17:30:18.038285218+01,Trade,2015.05143,525
ABF.L,,Market Price,2023-07-03T17:30:22.383164650+01,Trade,20.09066,4499
ABF.L,,Market Price,2023-07-03T17:35:54.598822162+01,Trade,2011.2348,707
ABF.L,,Market Price,2023-07-03T17:35:55.598328009+01,Trade,2006.3537,41088
ABF.L,,Market Price,2023-07-03T17:42:34.953212261+01,Trade,20.06354,201190
ABF.L,,Market Price,2023-07-03T17:46:21.768481196+01,Trade,20.18,213
ABF.L,,Market Price,2023-07-03T17:46:41.464050900+01,Trade,20.18,213
ABF.L,,Market Price,2023-07-03T17:49:31.353184978+01,Trade,19.99359,23
ABF.L,,Market Price,2023-07-03T17:51:30.453371542+01,Trade,20.12462,748
ABF.L,,Market Price,2023-07-03T17:51:30.613632710+01,Trade,20.15094,34591
ABF.L,,Market Price,2023-07-03T17:51:30.673388699+01,Trade,20.10692,322
ABF.L,,Market Price,2023-07-03T17:51:30.673388699+01,Trade,20.12324,195
ABF.L,,Market Price,2023-07-03T17:55:31.319052515+01,Trade,20.12814,96
ABF.L,,Market Price,2023-07-03T17:55:32.213989247+01,Trade,20.06785,372
ABF.L,,Market Price,2023-07-03T17:58:25.624694522+01,Trade,20.13,211
ABF.L,,Market Price,2023-07-03T18:02:24.643446625+01,Trade,20.09353,4250
ABF.L,,Market Price,2023-07-03T18:17:10.898054785+01,Trade,20.18101,1927
ABF.L,,Market Price,2023-07-04T07:16:16.718822665+01,Trade,2012.5,36
ABF.L,,Market Price,2023-07-04T07:16:17.718413744+01,Trade,2003.2739,513
ABF.L,,Market Price,2023-07-04T07:16:42.737966340+01,Trade,2012.11111,36
ABF.L,,Market Price,2023-07-04T07:17:04.753818240+01,Trade,2002.87234,513
ABF.L,,Market Price,2023-07-04T08:00:03.818288412+01,Trade,2013,2332
ABF.L,,Market Price,2023-07-04T08:00:05.778937223+01,Trade,2012,432
ABF.L,,Market Price,2023-07-04T08:00:05.923296312+01,Trade,2012,253
ABF.L,,Market Price,2023-07-04T08:00:13.989046810+01,Trade,2011,293
ABF.L,,Market Price,2023-07-04T08:00:13.989046810+01,Trade,2011,170
ABF.L,,Market Price,2023-07-04T08:00:16.263975327+01,Trade,2007,73
ABF.L,,Market Price,2023-07-04T08:00:16.263975327+01,Trade,2007,280
ABF.L,,Market Price,2023-07-04T08:00:16.263975327+01,Trade,2007,280
ABF.L,,Market Price,2023-07-04T08:00:16.263975327+01,Trade,2007,242
ABF.L,,Market Price,2023-07-04T08:00:18.363748957+01,Trade,2004,320
ABF.L,,Market Price,2023-07-04T08:00:24.133355944+01,Trade,2002.26,7
ABF.L,,Market Price,2023-07-04T08:00:33.753268716+01,Trade,2002.3342,237
ABF.L,,Market Price,2023-07-04T08:00:41.288073915+01,Trade,1999.5,20
ABF.L,,Market Price,2023-07-04T08:01:08.768014921+01,Trade,2006.9868,2
ABF.L,,Market Price,2023-07-04T08:02:08.753251195+01,Trade,20.0232,8
ABF.L,,Market Price,2023-07-04T08:02:34.723164597+01,Trade,2003,95
ABF.L,,Market Price,2023-07-04T08:02:34.723164597+01,Trade,2004,2
ABF.L,,Market Price,2023-07-04T08:02:42.558747475+01,Trade,2005,148
ABF.L,,Market Price,2023-07-04T08:03:44.993632660+01,Trade,2005,32
ABF.L,,Market Price,2023-07-04T08:03:44.993632660+01,Trade,2005,48
ABF.L,,Market Price,2023-07-04T08:05:03.368655607+01,Trade,2004,164
ABF.L,,Market Price,2023-07-04T08:05:03.368655607+01,Trade,2004,21
ABF.L,,Market Price,2023-07-04T08:05:03.368655607+01,Trade,2004,120
ABF.L,,Market Price,2023-07-04T08:05:04.318399689+01,Trade,2005,148
ABF.L,,Market Price,2023-07-04T08:07:00.858868729+01,Trade,2006,3
ABF.L,,Market Price,2023-07-04T08:07:00.863773729+01,Trade,2006,164
ABF.L,,Market Price,2023-07-04T08:07:01.323005564+01,Trade,2006,454
ABF.L,,Market Price,2023-07-04T08:08:35.538230011+01,Trade,20.11,305
ABF.L,,Market Price,2023-07-04T08:09:35.233108101+01,Trade,2009.15,37
ABF.L,,Market Price,2023-07-04T08:09:47.583779501+01,Trade,20.11,148
ABF.L,,Market Price,2023-07-04T08:09:51.458851818+01,Trade,2010,27
ABF.L,,Market Price,2023-07-04T08:09:53.083809553+01,Trade,2011,2
ABF.L,,Market Price,2023-07-04T08:11:42.943509031+01,Trade,2010,164
ABF.L,,Market Price,2023-07-04T08:11:42.943509031+01,Trade,2011,34
ABF.L,,Market Price,2023-07-04T08:11:42.943509031+01,Trade,2011,164
ABF.L,,Market Price,2023-07-04T08:11:42.943509031+01,Trade,2011,164
ABF.L,,Market Price,2023-07-04T08:11:42.948383746+01,Trade,2010,164
ABF.L,,Market Price,2023-07-04T08:12:16.518145522+01,Trade,2012,148
ABF.L,,Market Price,2023-07-04T08:13:11.683869409+01,Trade,2010,19
ABF.L,,Market Price,2023-07-04T08:13:11.683869409+01,Trade,2011,164
ABF.L,,Market Price,2023-07-04T08:13:11.683869409+01,Trade,2011,164
ABF.L,,Market Price,2023-07-04T08:13:31.313680226+01,Trade,2012,164
ABF.L,,Market Price,2023-07-04T08:13:31.318733072+01,Trade,2013,129
ABF.L,,Market Price,2023-07-04T08:13:31.418194913+01,Trade,2013,27
ABF.L,,Market Price,2023-07-04T08:13:36.548777928+01,Trade,2014,178
ABF.L,,Market Price,2023-07-04T08:14:15.093554923+01,Trade,2015,148
ABF.L,,Market Price,2023-07-04T08:25:27.179055320+01,Trade,20.1539,92
ABF.L,,Market Price,2023-07-04T08:27:53.713042810+01,Trade,2015,4259
ABF.L,,Market Price,2023-07-04T08:28:16.853061598+01,Trade,2015.38,50
